% Encoding: UTF-8

@article{robertsedgwick,
author = {Robert Sedgwick},
title = {Should Computer Science Be Required?},
journal = {Inside Higher Ed},
year = {2019},
url = {https://www.insidehighered.com/views/2019/10/28/why-every-student-should-study-computer-science-opinion}
}

@misc{teddy,
author = {Sue Brewton},
title = {Squire Bill Widener vs. Theodore Roosevelt},
year = {2014},
url = {https://suebrewton.com/2014/12/31/squire-bill-widener-vs-theodore-roosevelt/}
}


@article{virca,
  doi = {10.1126/science.caredit.aav8395},
  url = {http://dx.doi.org/10.1126/science.caredit.aav8395},
  year = {2018},
  publisher = {American Association for the Advancement of Science},
  author = {Katie Langin},
  title = {When you're the only woman: The challenges for female Ph.D. students in male-dominated cohorts},
  journal = {Science}
}

@article{helpihaveamanager,
	Author = {Julia Evans},
	Location = {Montreal},
	Journal = {Wizard Zines},
	Title = {HELP! I have a manger: How to understand your manager's job and do awesome work together},
	Url = {https://wizardzines.com/zines/manager/},
	Year = {2018}}

@article{browserslanguage,
  	Author = {Julia Evans},
  	Location = {Montreal},
  	Journal = {Wizard Zines},
  	Title = {HTTP: Learn your browser's language},
  	Url = {https://wizardzines.com/zines/http/},
  	Year = {2021}}

@article{ohshitgit,
      	Author = {Katie Sylor-Miller and Julia Evans},
      	Location = {Montreal},
      	Journal = {Wizard Zines},
      	Title = {Oh shit, git! Recipes for gitting out of a git mess},
      	Url = {https://wizardzines.com/zines/oh-shit-git/},
      	Year = {2021}}


@misc{lauriesantos,
author = {Laurie Santos},
title = {The Science of Well-Being at Yale University},
year = {2021},
url = {https://www.coursera.org/learn/the-science-of-well-being}
}

@incollection{Margulieux2019,
  doi = {10.1017/9781108654555.009},
  url = {https://doi.org/10.1017/9781108654555.009},
  year = {2019},
  month = feb,
  publisher = {Cambridge University Press},
  pages = {208--230},
  author = {Lauren E. Margulieux and Brian Dorn and Kristin A. Searle},
  title = {Learning Sciences for Computing Education},
  booktitle = {The Cambridge Handbook of Computing Education Research}
}


@article{hovisadvert,
  year = {1974},
  journal = {bfi.org.uk},
  author = {Ridley Scott},
  title = {Boy on a Bike},
  url = {https://player.bfi.org.uk/free/film/watch-hovis-boy-on-the-bike-1974-online},

}

@article{spiderman,
  year = {1962},
  author = {Peter Parker},
  journal = {wikipedia.org},
  title = {With great power comes great responsibility},
  url = {https://en.wikipedia.org/wiki/With_great_power_comes_great_responsibility},

}

@article{responsiblecs,
  year = {2018},
  journal = {medium.com},
  author = {Paul Goldman and Yoav Schlesinger},
  title = {With Great Code Comes Great Responsibility: Announcing the Responsible Computer Science Challenge},
  url = {https://medium.com/omidyar-network/with-great-code-comes-great-responsibility-announcing-the-responsible-computer-science-challenge-93cbee94b923},

}

@article{youngovernors,
  year = {2015},
  journal = {The Guardian},
  author = {Louise Tickle},
  title = {Where are all the young school governors? Under 30s arenâ€™t signing up to governance in the same way they want to be environmental campaigners or trek for charity},
  url = {https://www.theguardian.com/teacher-network/2015/mar/11/young-people-school-governors},
}

@article{jobscammers,
  year = {2017},
  journal = {BBC News},
  author = {Damian Hinds},
  title = {Jobseekers being targeted by scammers},
  url = {https://www.bbc.co.uk/news/uk-40715655},
}


@article{damoreguardian,
  year = {2017},
  journal = {The Guardian},
  author = {Paul Lewis},
  title = {'I see things differently': James Damore on his autism and the Google memo},
  url = {https://www.theguardian.com/technology/2017/nov/16/james-damore-google-memo-interview-autism-regrets},
}

@article{tensimplebrown,
  doi = {10.1371/journal.pcbi.1006023},
  url = {https://doi.org/gfr9n6},
  year = {2018},
  publisher = {Public Library of Science},
  volume = {14},
  number = {4},
  pages = {e1006023},
  author = {Neil Brown and Greg Wilson},
  editor = {Francis Ouellette},
  title = {Ten quick tips for teaching programming},
  journal = {{PLOS} Computational Biology}
}

@article{Beaubouef2003,
  doi = {10.1145/960492.960525},
  url = {https://doi.org/d4v6g6},
  year = {2003},
  publisher = {Association for Computing Machinery ({ACM})},
  volume = {35},
  number = {4},
  pages = {51--54},
  author = {Theresa Beaubouef},
  title = {Why computer science students need language},
  journal = {{ACM} {SIGCSE} Bulletin}
}

@misc{googling,
author = {A. Googler},
title = {Google Technical Writing Courses: Every engineer is also a writer.},
year = {2019},
url = {https://developers.google.com/tech-writing}
}

@article{bookfriends,
  year = {2019},
  author = {Forever, Bestfriend},
  title = {Ten reasons why books are our best friends},
  journal = {The Times of India},
  url = {https://timesofindia.indiatimes.com/life-style/books/features/10-reasons-why-books-are-our-best-friends/photostory/69008764.cms}
}

@article{procrastination,
  year = {2005},
  author = {Paul Graham},
  title = {Good and Bad Procrastination},
  journal = {paulgraham.com},
  url = {http://www.paulgraham.com/procrastination.html}
}
@article{latex4year1,
  year = {2020},
  author = {Duncan Hull},
  journal = {latex4year1.netlify.app},
  title = {Getting started with LaTeX: A laboratory manual},
  url = {https://latex4year1.netlify.app/}
}
@article{newton,
  year = {1675},
  author = {Isaac Newton},
  title = {Letter to Robert Hooke},
  journal = {Historical Society of Pennsylvania},
  url = {https://discover.hsp.org/Record/dc-9792/Description}
}

@article{Perkel2021,
  doi = {10.1038/d41586-021-00075-2},
  year = {2021},
  volume = {589},
  number = {7842},
  pages = {344--348},
  author = {Jeffrey M. Perkel},
  title = {Ten computer codes that transformed science: From Fortran to arXiv.org, these advances in programming and platforms sent biology, climate science and physics into warp speed},
  journal = {Nature}
}

@article{granovetter,
  doi = {10.1086/225469},
  url = {https://doi.org/bxwqdn},
  year = {1973},
  month = may,
  publisher = {University of Chicago Press},
  volume = {78},
  number = {6},
  pages = {1360--1380},
  author = {Mark S. Granovetter},
  title = {The Strength of Weak Ties},
  journal = {American Journal of Sociology}
}

@article{bigfour,
author = {Harriet Agnew},
title = {Big Four look beyond academics: Firms want to make offers based on potential, rather than personal circumstance},
journal = {Financial Times},
year = {2016},
url = {https://www.ft.com/content/b8c66e50-beda-11e5-9fdb-87b8d15baec2}
}

@article{wonkyball,
author = {Charlie Ball},
title = {What might the graduate labour market look like in 2021?},
journal = {WONKHE},
year = {2020},
url = {https://wonkhe.com/blogs/what-might-the-graduate-labour-market-look-like-in-2021/}
}


@Book{howtogetyourphd,
author = {Gavin Brown},
title = {How to get your PhD: A Handbook for the Journey},
publisher = {Oxford University Press},
year = {2021},
isbn = {9780198866923},
url = {https://en.wikipedia.org/wiki/Special:BookSources?isbn=9780198866923}
}


@Book{crackingthepmcareer,
author = {Jackie Bavaro and Gayle Laakmann McDowell},
title = {Cracking the PM Career: The Skills, Frameworks, and Practices to Become a Great Product Manager},
publisher = {CareerCup},
year = {2021},
isbn = {0984782893},
url = {https://www.crackingthepmcareer.com}
}

@Book{sanenewworld,
author = {Ruby Wax},
title = {Sane New World},
publisher = {Hodder},
year = {2014},
url = {https://en.wikipedia.org/wiki/Special:BookSources?isbn=978-1444755756}
}

@Book{writingatuni,
author = {Phyllis Creme and Mary R Lea },
title = {Writing At University: A Guide For Students},
publisher = { Open University Press},
year = {2008},
isbn = {0335221165},
url = {https://en.wikipedia.org/wiki/Special:BookSources?isbn=978-0335221165}
}

@Book{nabend,
author = {William Woodruff},
title = {Beyond Nab End},
publisher = {Abacus},
year = {2003},
location = {London},
isbn = {0349116229},
url = {https://en.wikipedia.org/wiki/Special:BookSources?isbn=978-0349116228}
}


@article{Davis2016,
  doi = {10.1177/1048371316667160},
  url = {https://doi.org/gg99br},
  year = {2016},
  month = sep,
  publisher = {{SAGE} Publications},
  volume = {30},
  number = {2},
  pages = {11--17},
  author = {Virginia Wayman Davis},
  title = {Error Reflection: Embracing Growth Mindset in the General Music Classroom},
  journal = {General Music Today}
}

@inproceedings{Cutts2010,
  doi = {10.1145/1734263.1734409},
  year = {2010},
  publisher = {{Association} for {Computing} {Machinery}},
  author = {Quintin Cutts and Emily Cutts and Stephen Draper and Patrick O{\textquotesingle}Donnell and Peter Saffrey},
  title = {Manipulating mindset to positively influence introductory programming performance},
  booktitle = {Proceedings of the 41st {ACM} technical symposium on Computer science education - {SIGCSE} {\textquotesingle}10}
}

@inproceedings{CS502021,
  doi = {10.1145/3408877.3432461},
  url = {https://cs.harvard.edu/malan/publications/Toward_an_Ungraded_CS50.pdf},
  year = {2021},
  publisher = {{Association} for {Computing} {Machinery}},
  author = {David J. Malan},
  title = {Toward an Ungraded {CS50}},
  booktitle = {Proceedings of the 52nd {ACM} technical symposium on Computer science education - {SIGCSE} {\textquotesingle}21}
}


@inbook{readable,
author = {Sarah Richards},
chapter = {Treat links with respect},
title = {Content Design London: Readability Guidelines},
year = {2019},
publisher = {readabilityguidelines.co.uk},
url = {https://readabilityguidelines.co.uk/content-design/links/},
}

@inbook{scanning,
author = {Sarah Richards},
chapter = {Why people do not read online},
title = {Content Design London: Readability Guidelines},
year = {2019},
publisher = {readabilityguidelines.co.uk},
url = {https://readabilityguidelines.co.uk/content-design/how-people-read/},
}

@article{customlinkedin,
author = {Reid Hoffman},
title = {Customize Your Public Profile {URL}},
year = {2020},
journal = {linkedin.com},
url = {https://www.linkedin.com/help/linkedin/topics/6042/6054/87},
}

@article{stackoverflow,
author = {Rafiullah Hamedy},
title = {How to build a reputable {StackOverflow} profile},
year = {2019},
journal = {medium.com},
url = {https://medium.com/@rhamedy/contribution-debt-why-how-to-contribute-to-stack-overflow-a69d4bd50d0c},
}

@article{lopez,
author = {Lizi Lopez and Jeremy Ong},
title = {Create Your Resume for Google: Tips and Advice},
year = {2019},
publisher = {Alphabet Inc.},
url = {https://www.youtube.com/embed/BYUy1yvjHxE},
}

@misc{youtube-alom,
author = {Alom Shaha},
title = {Wave Machine Demonstration},
year = {2014},
journal = {National STEM Centre},
url = {https://www.youtube.com/watch?v=VE520z_ugcU},
}

@article{youtube-bronnie,
author = {Bronnie Ware},
title = {The Top Five Regrets of the Dying},
year = {2017},
journal = {bronnieware.com},
url = {hhttps://www.youtube.com/watch?v=nayz3xJxRTA},
}

@article{youtube-bolles,
author = {Bolles, Richard N.},
title = {Deciding What to Do Five Years from Now},
year = {2014},
journal = {Talks at Google},
url = {https://www.youtube.com/watch?v=oeP6Pm3Xf-8},
}

@article{youtube-anxiety,
author = {Rishi Desai},
title = {Generalized anxiety disorder (GAD) - causes, symptoms and treatment},
year = {2016},
journal = {osmosis.org},
url = {https://www.youtube.com/watch?v=9mPwQTiMSj8},
}

@article{youtube-blackdog,
author = {Matthew Johnstone},
title = {I had a black dog, his name was depression},
year = {2012},
journal = {World Health Organization},
url = {https://www.youtube.com/watch?v=XiCrniLQGYc},
}

@article{youtube-santos,
author = {Laurie Santos},
title = {Five Favorite Coping Tips for World Mental Health Day},
year = {2020},
journal = {The Happiness Lab},
url = {https://www.youtube.com/watch?v=kCQim9VrnDY},
}

@article{youtube-nightline,
author = {Nightline Association},
title = {How did calling Nightline help me?},
year = {2016},
journal = {nightline.ac.uk},
url = {https://www.youtube.com/watch?v=RsfNkSZmUc8},
}

@article{youtube-wax,
author = {Ruby Wax},
title = {Mindfulness part 1: Dodging the bullets},
year = {2014},
journal = {Students Against Depression},
url = {https://www.youtube.com/watch?v=7TCCLY_lV6M},
}

@article{youtube-we-are-mind,
author = {Stephen Fry},
title = {We Are Mind},
year = {2014},
journal = {Mind, the mental health charity},
url = {https://www.youtube.com/watch?v=OPxHTZRwXX8},
}

@article{youtube-student-minds,
author = {Student Minds},
title = {Why is it important to talk about student mental health?},
year = {2016},
journal = {studentminds.org.uk},
url = {https://www.youtube.com/watch?v=PiqcSSDwvvY},
}

@article{youtube-togetherall,
author = {togetherall},
title = {A quick look inside Togetherall},
year = {2020},
journal = {togetherall.com},
url = {https://www.youtube.com/watch?v=mXEbpaU9YjU},
}

@article{youtube-dweck,
author = {Carol Dweck},
title = {The power of not yet},
year = {2014},
journal = {TEDxNorrkÃ¶ping},
url = {https://www.youtube.com/watch?v=J-swZaKN2Ic},
}

@article{youtube-haig,
author = {Matt Haig},
title = {Top 5 Tips for good mental health in a social media age},
year = {2018},
journal = {Waterstones},
url = {https://www.youtube.com/watch?v=JMm5kiiMjTM},
}

@article{youtube-google-recruiters,
author = {Jeremy Ong and Lizi Lopez},
title = {Create Your Resume for Google: Tips and Advice},
year = {2019},
journal = {Google},
url = {https://www.youtube.com/watch?v=BYUy1yvjHxE},
}

@article{youtube-resume-or-cv,
author = {Duncan Hull},
title = {How long should your CV be: One page resume or Two page CV?},
year = {2021},
journal = {Coding Your Future},
url = {https://www.youtube.com/watch?v=0abDOKHS5T0},
}

@article{youtube-petia,
author = {Petia Davidova},
title = {My worst software engineering interview fails: Failing my Facebook and Google Interviews},
year = {2021},
url = {https://www.youtube.com/watch?v=qkeQNNjZuQk},
}


@article{andystanfordclark,
author = {Andy Stanford-Clark},
title = {Innovation Begins at Home},
year = {2019},
journal = {Alliance Manchester Business School},
url = {https://www.alliancembs.manchester.ac.uk/events/innovation-begins-at-home-professor-andy-stanford-clark-cto-ibm/}
}

@article{howlong,
author = {Jen David},
title = {How long should your {CV} be?},
year = {2017},
journal = {cv-library.co.uk},
url = {https://www.cv-library.co.uk/career-advice/cv/how-long-cv-be/}
}

@article{Way2017,
  doi = {10.1242/jcs.209791},
  url = {https://doi.org/10.1242/jcs.209791},
  year = {2017},
  publisher = {The Company of Biologists},
  volume = {130},
  number = {18},
  pages = {2941--2942},
  author = {Michael Way},
  title = {What {I} cannot create, {I} do not understand},
  journal = {Journal of Cell Science}
}

@InProceedings{sevendeadly,
author = {Carole Goble},
title = {The Seven Deadly Sins of Bioinformatics},
booktitle = {Bioinformatics Open Source Conference ({BOSC}) Special Interest Group ({SIG})  at the 15th Annual International Conference on Intelligent Systems for Molecular Biology ({ISMB}) },
year = {2007},
address = {Vienna, Austria},
publisher = {Slideshare},
url = {https://www.slideshare.net/dullhunk/the-seven-deadly-sins-of-bioinformatics}
}

@article{outsideit,
author = {Matt Assay},
title = {Want an {IT} job? Look outside the tech industry},
year = {2020},
journal = {TechRepublic},
publisher = {CBS Interactive},
url = {https://www.techrepublic.com/article/want-an-it-job-look-outside-the-tech-industry/}
}

@article{dive,
author = {Gov {UK}},
title = {Disciplinary procedures and action against you at work},
year = {2021},
journal = {{www.gov.uk}},
publisher = {UK Government Digital Service},
url = {https://www.gov.uk/disciplinary-procedures-and-action-at-work}
}

@article{grievance,
author = {Gov {UK}},
title = {Raise a grievance at work},
year = {2021},
journal = {{www.gov.uk}},
publisher = {UK Government Digital Service},
url = {https://www.gov.uk/raise-grievance-at-work}
}


@article{yourefired,
author = {Gov {UK}},
title = {Dismissal: your rights},
year = {2021},
journal = {{www.gov.uk}},
publisher = {UK Government Digital Service},
url = {https://www.gov.uk/dismissal}
}

@article{equality,
	Author = {Gov {UK}},
  journal = {{www.gov.uk}},
	Publisher = {UK Government Digital Service},
	Title = {Discrimination: your rights and protected characteristics},
	Url = {https://www.gov.uk/discrimination-your-rights},
	Year = {2020},
	}

@article{iquit,
author = {Gov {UK}},
title = {Handing in your notice},
year = {2020},
journal = {{www.gov.uk}},
publisher = {UK Government Digital Service},
url = {https://www.gov.uk/handing-in-your-notice}
}


@article{burninglass,
author = {Will Markow and Jonathan Coutinho and Andrew Bundy},
title = {Beyond Tech: The Rising Demand for {IT} Skills in non-Tech Industries},
year = {2019},
journal = {Burning Glass},
publisher = {Oracle Academy},
url = {https://www.burning-glass.com/research-project/beyond-tech/}
}


@article{Bourne2018,
  doi = {10.1371/journal.pcbi.1006670},
  year = {2018},
  publisher = {Public Library of Science},
  volume = {14},
  number = {12},
  pages = {e1006670},
  author = {Philip E. Bourne and Fran Lewitter and Scott Markel and Jason A. Papin},
  title = {One thousand simple rules},
  journal = {{PLOS} Computational Biology}
}

@article{iip1,
  url = {https://www.investorsinpeople.com/wp-content/uploads/2019/10/We-invest-in-people-framework.pdf},
  year = {2019},
  author = {Anonymous Investor},
  journal = {investorsinpeople.com},
  title = {Let's make work better},
}

@article{iip2,
  url = {https://www.investorsinpeople.com/knowledge/how-to-bring-yourself-to-work-and-allow-others-to-do-the-same/},
  year = {2020},
  author = {Anonymous Investor},
  journal = {investorsinpeople.com},
  title = {How to bring yourself to work and allow others to do the same},
}


@misc{theitcrowd,
  url = {https://www.youtube.com/watch?v=pGFGD5pj03M},
  year = {2006},
  publisher = {Channel 4},
  author = {Graham Linehan},
  title = {The {IT} Crowd: Series 1, Episode 1 - Yesterday's Jam. Team Players},
}

@misc{diverseteams,
  url = {https://www.open.edu/openlearn/money-business/working-diverse-teams/content-section-overview},
  year = {2019},
  publisher = {Open University},
  author = {Anon},
  title = {OpenLearn: Working in Diverse Teams},
}



@article{kottke,
  year = {2018},
  journal = {kottke.org},
  author = {Jason Kottke},
  title = {Alan Turing was an excellent runner},
  url = {https://kottke.org/18/04/alan-turing-was-an-excellent-runner},
}

@article{blackhole,
  year = {2011},
  journal = {cnbc.com},
  author = {Gayle Laakmann McDowell},
  title = {Ex-Googler Reveals Strategies to Land Interview with Google},
  url = {https://www.cnbc.com/id/42608205},
}



@article{Connolly2020,
  doi = {10.1145/3383444},
  year = {2020},
  month = jul,
  publisher = {Association for Computing Machinery ({ACM})},
  volume = {63},
  number = {8},
  pages = {54--59},
  author = {Randy Connolly},
  title = {Why computing belongs within the social sciences},
  journal = {Communications of the {ACM}}
}


@inproceedings{cs50,
  doi = {10.1145/1734263.1734316},
  url = {https://cs.harvard.edu/malan/publications/fp310-malan.pdf},
  year = {2010},
  publisher = {Assoication for Computing Machinery},
  author = {David J. Malan},
  title = {Reinventing {CS50}},
  booktitle = {Proceedings of the 41st {ACM} technical symposium on Computer science education - {SIGCSE} {\textquotesingle}10}
}

@article{cs50zoom,
  year = {2020},
  journal = {medium.com},
  author = {David J. Malan},
  title = {Teaching from Home via Zoom},
  url = {https://medium.com/@cs50/teaching-from-home-via-zoom-c3b336446fbc},
}

@inproceedings{stressyinterviews,
year = {2020},
publisher = {Association for Computing Machinery},
author = {Mahnaz Behroozi and Shivani Shirolkar and Titus Barik and Chris Parnin},
title = {Does Stress Impact Technical Interview Performance?},
booktitle = {Proceedings of ESEC/FSE â€™20, November 8â€“13, 2020, Sacramento, CA, USA. }
}


@article{artofdoc,
  url = {https://developers.googleblog.com/2020/07/teaching-art-of-great-documentation.html},
  year = {2020},
  author = {James Scott},
  title = {Teaching the art of great documentation},
  journal = {Google Developers Blog},
}

@article{eycvblind,
  url = {https://www.independent.co.uk/news/education/education-news/ey-firm-says-it-will-not-longer-consider-degrees-or-a-level-results-when-assessing-employees-10436355.html},
  year = {2015},
  author = {Richard Gardner},
  title = {EY: Firm says it will not longer consider degrees or A-level results when assessing employees},
  journal = {The Independent},
}

@article{failware,
  doi = {10.1109/mspec.2005.1502528},
  year = {2005},
  publisher = {Institute of Electrical and Electronics Engineers ({IEEE})},
  volume = {42},
  number = {9},
  pages = {42--49},
  author = {Robert N. Charette},
  title = {Why software fails},
  journal = {{IEEE} Spectrum}
}

@article{badsoftware,
  url = {https://www.technologyreview.com/2002/07/01/40875/why-software-is-so-bad/},
  year = {2002},
  publisher = {Massachusetts Institute of Technology},
  author = {Charles C. Mann},
  title = {Why Software Is So Bad: For years weâ€™ve tolerated buggy, bloated, badly organized computer programs. But soon, weâ€™ll innovate, litigate and regulate them into reliability.},
  journal = {{MIT} Technology Review}
}

@article{coronahell,
  url = {https://www.huffingtonpost.co.uk/entry/work-from-home-children-parents_uk_5eb3c80cc5b6526942a24b27},
  year = {2020},
  publisher = {Verizon Media},
  author = {Robyn Wilder},
  title = {How I Work From Home With Small Kids â€“ Without Losing My F***ing Mind},
  journal = {HuffPost}
}

@article{googleteams,
  url = {https://nyti.ms/2ExlQcJ},
  year = {2016},
  journal = {The New York Times Magazine},
  author = {Charles Duhigg},
  publisher = {The New York Times Company},
  title = {What Google Learned From Its Quest to Build the Perfect Team: New research reveals surprising truths about why some work groups thrive and others falter.},
}
@article{happinessny,
  url = {https://nyti.ms/3cpxAud},
  year = {2018},
  journal = {The New York Times Magazine},
  author = {David Shimer},
  publisher = {The New York Times Company},
  title = {Yaleâ€™s Most Popular Class Ever: Happiness},
}

@article{batmaneffect,
  url = {https://bbc.in/3lvA5iL},
  year = {2020},
  journal = {{bbc.com} worklife},
  author = {David Robson},
  publisher = {The British Broadcasting Corporation},
  title = {The â€˜Batman Effectâ€™: How having an alter ego empowers you},
}

@article{weakties,
author = {Ian Leslie},
title = {Why your â€˜weak-tieâ€™ friendships may mean more than you think},
journal = {{bbc.com} worklife},
year = {2020},
url = {https://www.bbc.com/worklife/article/20200701-why-your-weak-tie-friendships-may-mean-more-than-you-think}
}

@article{printcv,
author = {Elizabeth Garone},
title = {To print or not to print â€” a CV, that is},
journal = {{bbc.com} worklife},
year = {2014},
url = {https://www.bbc.com/worklife/article/20140620-to-print-or-not-to-print}
}


https://www.nytimes.com/2016/02/28/magazine/what-google-learned-from-its-quest-to-build-the-perfect-team.html

@Book{leendertz,
 author = {Li Leendertz},
 title = {The half-hour allotment: Royal Horticultural Society},
 publisher = {Frances Lincoln},
 year = {2006},
 address = {London},
 isbn = {9780711226050}
 }

@book{wroteforluck,
	Author = {Shaun Ryder},
	Publisher = {Faber and Faber},
	Title = {Wrote for Luck: Selected Lyrics},
	Url = {https://en.wikipedia.org/wiki/Special:BookSources?isbn=9780571330935},
  ISBN = {9780571330935},
	Year = {2019}}

@book{wonderland,
	Author = {Lewis Caroll},
	Publisher = {Macmillan},
	Title = {Alice's Adventures in Wonderland},
	Url = {https://en.wikipedia.org/wiki/Alice's_Adventures_in_Wonderland},
	Year = {1865}}

  @article{knuthlit,
    doi = {10.1093/comjnl/27.2.97},
    url = {http://www.literateprogramming.com/knuthweb.pdf},
    year = {1984},
    month = feb,
    publisher = {Oxford University Press},
    volume = {27},
    number = {2},
    pages = {97--111},
    author = {Donald E. Knuth},
    title = {Literate Programming},
    journal = {The Computer Journal}
  }


@article{Chekroud2018,
	Author = {Sammi R Chekroud and Ralitza Gueorguieva and Amanda B Zheutlin and Martin Paulus and Harlan M Krumholz and John H Krystal and Adam M Chekroud},
	Doi = {10.1016/s2215-0366(18)30227-x},
	Journal = {The Lancet Psychiatry},
	Month = {sep},
	Number = {9},
	Pages = {739--746},
	Publisher = {Elsevier {BV}},
	Title = {Association between physical exercise and mental health in 1$\cdotp$2 million individuals in the {USA} between 2011 and 2015: a cross-sectional study},
	Volume = {5},
	Year = {2018}}


@book{dweck,
		Author = {Carol Dweck},
		Isbn = {147213995X},
		Pagetotal = {320},
		Publisher = {Robinson},
		Title = {Mindset: Changing The Way You think To Fulfil Your Potential},
		Url =  {https://en.wikipedia.org/wiki/Special:BookSources?isbn=9781472139955},
		Year = {2017}}

@book{gowers,
	Author = {Gowers, Ernest and Gowers, Rebecca},
	Date = {2015-03-26},
	Ean = {9780241960349},
	Isbn = {0241960347},
	Pagetotal = {320},
	Publisher = {Penguin Books Ltd},
	Title = {Plain Words: A guide to the use of English},
	Url = {https://en.wikipedia.org/wiki/The_Complete_Plain_Words},
	Year = {2015}}

  @book{romeo,
  	Author = {William Shakespeare},
  	Title = {Romeo and Juliet},
  	Url = {https://en.wikipedia.org/wiki/Romeo_and_Juliet},
  	Year = {1597}}

  @article{icpc,
    	Author = {A. Hacker},
      journal = {icpc.global},
    	Title = {{International} {Collegiate} {Programming} {Contest} (ICPC)},
    	Url = {https://icpc.global},
    	Year = {2021}}

    Wolodomyr

@article{goblewroe,
  doi = {10.1002/cfg.442},
  url = {https://doi.org/10.1002/cfg.442},
  year = {2004},
  publisher = {Hindawi Limited},
  volume = {5},
  number = {8},
  pages = {623--632},
  author = {Carole Goble and Chris Wroe},
  title = {The Montagues and the Capulets},
  journal = {Comparative and Functional Genomics}
}

@book{regrets,
	Author = {Bronnie Ware},
	Ean = {9781788173421},
	Isbn = {1788173422},
	Pagetotal = {320},
	Publisher = {Hay House UK Ltd},
	Title = {Top Five Regrets of the Dying},
	Url = {https://bronnieware.com/regrets-of-the-dying},
	Year = {2011}}

  @book{heroes,
  	Author = {Stephen Fry},
  	Isbn = {9780241380369},
  	Pagetotal = {477},
  	Publisher = {Penguin Random House UK},
  	Title = {Heroes: The myths of the Ancient Greek heroes retold},
    Url = {https://en.wikipedia.org/wiki/Special:BookSources?isbn=9780241380369},
  	Year = {2018}}

@book{paulredmond,
	Author = {Paul Redmond},
	Date = {2010-05-15},
	Ean = {9781844552115},
	Isbn = {184455211X},
	Pagetotal = {240},
	Publisher = {Crimson Publishing},
	Title = {The Graduate Jobs Formula: How to land your dream career},
	Url = {https://en.wikipedia.org/wiki/Special:BookSources?isbn=9781844552115},
	Year = {2010}}

	@book{milliken,
	 Author = {Sophie Milliken},
	 title = {From Learner to Earner: A recruitment insider's guide for students wanting to achieve graduate job success},
	 publisher = {Rethink Press},
	 year = {2019},
	 isbn = {1781333912},
	 url = {https://en.wikipedia.org/wiki/Special:BookSources?isbn=9781781333914}
	}



	@book{manhole,
	 Author = {Charlie Mulraine},
	 title = {Why are Manhole Covers Round?: The Renowned Interview Success Guide to Help You Past the Famous Microsoft Interview Question (or Any Other Job Interview You're Facing)},
	 publisher = {Ecademy Press},
	 year = {2010},
	 month = {jun},
	 isbn = {1905823800},
	 Url = {https://en.wikipedia.org/wiki/Special:BookSources?isbn=9781905823802}}
	}



@article{notjustlondon,
  url = {https://medium.com/21st-century-mindset/notjustlondon-whats-that-then-a2c5822eadc9},
  year = {2018},
  author = {Sharon Dale},
  title = {\#{NotJustLondon} â€” whatâ€™s that then?},
  journal = {21st Century Mindset},
  publisher = {medium.com},
}

@article{topnotchcv,
  url = {https://www.youtube.com/watch?v=yjdvCHWVtE4},
  year = {2019},
  author = {Jonathan Black},
  title = {How to write a top-notch {CV}},
  journal = {Financial Times},
}

@article{cs50mcr,
  year = {2017},
  publisher = {University of Manchester},
  author = {David J. Malan},
  title = {{CS50} at Scale},
  journal = {YouTube.com},
  url = {https://www.youtube.com/watch?v=CPWSTMhcFBA},
}

@article{cs50speakerdeck,
  year = {2017},
  publisher = {Speaker Deck},
  author = {David J. Malan},
  title = {{CS50} at Scale},
  journal = {speakerdeck.com},
  url = {https://speakerdeck.com/cs50/cs50-at-scale}}

@article{stannes2,
  year = {2021},
  journal = {Manchester Evening News},
  author = {Emma Gill and Nick Statham},
  title = {Head who promised stability for 'forgotten school' with nine leaders in 10 years is leaving},
  url = {https://www.manchestereveningnews.co.uk/news/greater-manchester-news/head-who-promised-stability-forgotten-19703357},
}\

@article{stannes1,
  year = {2020},
  journal = {Manchester Evening News},
  author = {Helen Johnson},
  title = {The 'forgotten school' with nine head teachers in 10 years - and the man with a plan to turn it around},
  url = {https://www.manchestereveningnews.co.uk/news/greater-manchester-news/forgotten-school-nine-head-teachers-17830691},
}\


@misc{bugorfeature,
  year = {2018},
  publisher = {Wired Magazine},
  author = {Jonathan Carr},
  title = {'It's Not a Bug, It's a Feature.' Triteâ€”or Just Right?},
  url = {https://www.wired.com/story/its-not-a-bug-its-a-feature/},
}

@inproceedings{searchspace,
  doi = {10.1109/cvpr.2008.4587468},
  year = {2008},
  publisher = {{IEEE}},
  author = {Vittorio Ferrari and Manuel Marin-Jimenez and Andrew Zisserman},
  title = {Progressive search space reduction for human pose estimation},
  booktitle = {2008 {IEEE} Conference on Computer Vision and Pattern Recognition}
}

@article{writebadsoftware,
  url = {https://www.theatlantic.com/national/archive/2012/10/the-real-reason-silicon-valley-coders-write-bad-software/263377/},
  year = {2012},
  publisher = {Emerson Collective},
  author = {Bernard Meisler},
  title = {The Real Reason Silicon Valley Coders Write Bad Software},
  journal = {{The} {Atlantic}}
}
