% Encoding: UTF-8


@book{cleancoder,
 Author = {Robert C. Martin},
 title = {The Clean Coder: A Code of Conduct for Professional Programmers},
 publisher = {Prentice Hall},
 year = {2011},
 isbn = {0137081073},
 Url = {https://en.wikipedia.org/wiki/Special:BookSources?isbn=9780137081073},
}

@Book{writingatuni,
 author = { Phyllis Creme and Mary R Lea },
 title = {Writing at university : a guide for students},
 publisher = {Open University Press},
 year = {2008},
 address = {Buckingham},
 isbn = {0335221165},
 Url = {https://en.wikipedia.org/wiki/Special:BookSources?isbn=978-0335221165},
 }

@book{parachute2020,
	Author = {Bolles, Richard N.},
	Date = {2019-08-13},
	Ean = {9781984856562},
	Isbn = {1984856561},
	Pagetotal = {352},
	Publisher = {Random House USA Inc},
	Title = {What Color Is Your Parachute? A Practical Manual for job-hunters and career-changingers},
	Url = {https://en.wikipedia.org/wiki/What_Color_is_Your_Parachute},
	Year = {2019}}

@book{nervousplanet,
	Author = {Haig, Matt},
	Date = {2019-01-03},
	Ean = {9781786892690},
	Isbn = {1786892693},
	Pagetotal = {310},
	Publisher = {Canongate Books Ltd.},
	Title = {Notes On A Nervous Planet},
	Url = {https://en.wikipedia.org/wiki/Special:BookSources?isbn=9781786892690},
	Year = {2019}}

@book{stayalive,
	Author = {Haig, Matt},
	Date = {2016-01-07},
	Ean = {9781782116820},
	Isbn = {1782116826},
	Pagetotal = {254},
	Publisher = {Canongate Books Ltd.},
	Title = {Reasons to Stay Alive},
	Url = {https://en.wikipedia.org/wiki/Reasons_to_Stay_Alive},
	Year = {2016}}

@misc{nosex,
 author = {Ben Britton},
 title = {No sexuality please, we're scientists},
 year = {2019},
 publisher = {Imperial College London},
 URL = {https://www.youtube.com/watch?v=NEqfP1diyes},
 location = {London},
}


@book{jonathanblack,
Author = {Black, Jonathan},
Date = {2017-03-14},
Ean = {9781472137586},
Isbn = {1472137582},
Pagetotal = {176},
Publisher = {Robinson},
Title = {Where am {I} Going and Can {I} Have a Map? How to take control of your career plan - and make it happen},
Url = {https://en.wikipedia.org/wiki/Special:BookSources?isbn=9781472137586},
Year = {2017}}

@book{techcareer,
Author = {Gayle Laakmann {McDowell}},
Date = {2014-09-05},
Ean = {9781118968086},
Isbn = {1118968085},
Pagetotal = {288},
Publisher = {John Wiley \& Sons Inc},
Title = {Cracking the Tech Career},
Url = {http://www.crackingthetechcareer.com/},
Year = {2014}}

@book{chrisnorthwood,
Author = {Northwood, Chris},
Ean = {9781484241523},
Publisher = {Springer-Verlag GmbH},
Title = {The Full Stack Developer: Your Essential Guide to the Everyday Skills Expected of a Modern Full Stack Web Developer},
Year = {2018},
Url = {https://en.wikipedia.org/wiki/Special:BookSources?isbn=9781484241523}}

@book{cracking,
Author = {Gayle Laakmann {McDowell}},
Ean = {9780984782857},
Edition = {6},
Isbn = {0984782850},
Pagetotal = {708},
Publisher = {CareerCup},
Title = {Cracking the Coding Interview: 189 Programming Questions and Solutions},
Url = {http://www.crackingthecodinginterview.com},
Year = {2015}}

@book{crackingpm,
  Author = {Gayle Laakmann {McDowell} and Jackie Bavaro},
  Ean = { 9780984782819},
  Isbn = {0984782818},
  Pagetotal = {364},
  Publisher = {CareerCup},
  Title = {Cracking the {PM} Interview: How to Land a Product Manager Job in Technology},
  Url = {http://www.crackingthepminterview.com},
  Year = {2013}}

@book{howtogetaphd,
Author = {Estelle Phillips and Derek Pugh},
Ean = {9780335264124},
Isbn = {0335264123},
Publisher = {Open University Press},
Title = {How to get a {PhD}},
Url = {https://en.wikipedia.org/wiki/Special:BookSources?isbn=9780335264124},
Year = {2015},
edition = {6th}}

@book{janelangdale,
Author = {Langdale, Jane and Gabrys, Barbara J.},
Date = {2011-11-03},
Ean = {9780521765862},
Isbn = {0521765862},
Pagetotal = {226},
Publisher = {Cambridge University Press},
Title = {How to Succeed as a Scientist: From Postdoc to Professor},
Url = {https://en.wikipedia.org/wiki/Special:BookSources?isbn=9780521765862},
Year = {2011}}

@book{nancyrothwell,
Author = {Nancy Rothwell},
Date = {2003-12-22},
Ean = {9780521817738},
Isbn = {0521817730},
Pagetotal = {180},
Publisher = {Cambridge University Press},
Title = {Who Wants to Be a Scientist?},
Url = {https://en.wikipedia.org/wiki/Special:BookSources?isbn=9780521817738},
Year = {2003}}

@book{epicfail,
Author = {Steve McDermott},
Ean = {9780273706076},
Edition = {2},
Isbn = {0273706071},
Pagetotal = {180},
Publisher = {Pearson Life},
Title = {How to be a Complete and Utter Failure in Life, Work and Everything: 44 Â½ steps to lasting underachievement},
Url = {https://www.stevemcdermott.com/book},
Year = {2007},
}
