% Encoding: UTF-8
% https://www.mind.org.uk/information-support/your-stories/why-music-is-great-for-your-mental-health/
% https://www.bbc.co.uk/news/health-12135590
% https://www.nature.com/articles/nrn2152

@inproceedings{whatsthestory,
  author = {Noel Gallagher},
  title  = {Morning Glory},
  booktitle = {(What's the Story) Morning Glory?},
  year ={1995},
  editor= {Alan McGee},
  organization = {Oasis},
  url = {https://en.wikipedia.org/wiki/Morning_Glory_(Oasis_song)},
  note = {https://youtu.be/Wm54XyLwBAk},
  publisher = {Creation Records Ltd},
  key = {},
}

@inproceedings{uptownfunk,
  author = {Mark Ronson and Bruno Mars},
  title  = {Uptown Funk},
  booktitle = {Uptown Special},
  year ={2014},
  editor= {Jeff Bhasker},
  organization = {Mark Ronson},
  url = {https://en.wikipedia.org/wiki/Uptown_Funk},
  note = {https://www.youtube.com/watch?v=OPf0YbXqDm0},
  publisher = {Columbia Records},
  key = {},
}

@inproceedings{rise,
  author = {John Lydon and Bill Laswell},
  title  = {Rise},
  booktitle = {Album},
  year ={1986},
  editor= {John Lydon and Bill Laswell},
  organization = {Public Image Ltd},
  url = {https://en.wikipedia.org/wiki/Rise_(Public_Image_Ltd_song)},
  note = {https://www.youtube.com/watch?v=Vq7JSic1DtM},
  publisher = {Virgin Records},
  key = {},
}

@inproceedings{ymca,
  author = {Jacques Morali and Victor Willis},
  title  = {{Y}.{M}.{C}.{A}.},
  booktitle = {Cruisin'},
  year ={1978},
  editor= {Jacques Morali},
  organization = {Village People},
  url = {https://en.wikipedia.org/wiki/Y.M.C.A._(song)},
  note = {https://www.youtube.com/watch?v=CS9OO0S5w2k},
  publisher = {Casablanca Records},
  key = {},
}

@inproceedings{nightfever,
  author = {Barry Gibb and Robin Gibb and Maurice Gibb},
  title  = {Night Fever},
  booktitle = {Saturday Night Fever},
  year ={1977},
  editor= {Bill Oakes},
  organization = {Bee Gees},
  url = {https://en.wikipedia.org/wiki/Night_Fever},
  publisher = {RSO Records},
  key = {},
}

@inproceedings{allalongthewatchtower,
  author = {Bob Dylan and Paul Hewson},
  title  = {All Along the Watchtower},
  booktitle = {Rattle and Hum},
  year ={1988},
  editor= {Jimmy Iovine},
  organization = {U2},
  url = {https://en.wikipedia.org/wiki/Rattle_and_Hum},
  publisher = {Island Records},
  key = {},
}

@inproceedings{isolation,
  author = {Ian Curtis and Bernard Sumner and Peter Hook and Stephen Morris },
  title  = {Isolation},
  booktitle = {Closer},
  year ={1980},
  editor= {Martin Hannett},
  organization = {Joy Division},
  url = {https://en.wikipedia.org/wiki/Isolation_(Joy_Division_song)},
  publisher = {Factory Records},
  key = {},
}

@inproceedings{flowersinyourhair,
  author = {John Phillips and Scott McKenzie},
  title  = {San Francisco (Be Sure to Wear Flowers in Your Hair)},
  booktitle = {The Voice of Scott McKenzie},
  year ={1967},
  editor= {Lou Adler},
  organization = {Monterey International Pop Music Festival},
  url = {https://en.wikipedia.org/wiki/San_Francisco_(Be_Sure_to_Wear_Flowers_in_Your_Hair)},
  publisher = {Ode Records},
  key = {},
}

@inproceedings{doyourealise,
  author = {Wayne Coyne and Steven Drozd and Michael Ivins and Dave Fridmann},
  title  = {Do You Realize??},
  booktitle = {Yoshimi Battles the Pink Robots},
  year ={2002},
  editor= {Scott Booker},
  organization = {The Flaming Lips},
  url = {https://en.wikipedia.org/wiki/Do_You_Realize%3F%3F},
  publisher = {Warner Records},
  note = {https://youtu.be/lPXWt2ESxVY},
  key = {},
}


https://youtu.be/lPXWt2ESxVY

@inproceedings{dontgiveup,
  author = {Peter Gabriel and Kate Bush},
  title  = {Don't Give Up },
  booktitle = {So},
  year ={1986},
  editor= {Daniel Lanois},
  organization = {Peter Gabriel},
  url = {https://en.wikipedia.org/wiki/Don't_Give_Up_(Peter_Gabriel_and_Kate_Bush_song)},
  note = {https://youtu.be/VjEq-r2agqc},
  publisher = {Geffen},
  key = {},
}


@inproceedings{adayinthelife,
  author = {John Lennon and Paul McCartney},
  title  = {A Day in the Life},
  booktitle = {Sgt. Pepper's Lonely Hearts Club Band},
  year ={1967},
  editor= {George Martin},
  organization = {The Beatles},
  url = {https://en.wikipedia.org/wiki/A_Day_in_the_Life},
  note = {https://youtu.be/usNsCeOV4GM},
  publisher = {Parlophone},
  key = {},
}

@inproceedings{drugsdontwork,
  author = {Richard Ashcroft},
  title  = {The Drugs Don't Work},
  booktitle = {Urban Hymns},
  year ={1997},
  editor= {Chris Potter},
  organization = {The Verve},
  url = {https://en.wikipedia.org/wiki/The_Drugs_Don't_Work},
  note = {https://youtu.be/ToQ0n3itoII},
  publisher = {Hut Records},
  key = {},
}

@inproceedings{expressyourself,
  author = {Dr Dre},
  title  = {Express Yourself},
  booktitle = {Straight Outta Compton},
  year ={1987},
  editor= {Andre Young},
  organization = {N.W.A },
  publisher = {Ruthless Records},
  url = {https://en.wikipedia.org/wiki/Express_Yourself_(N.W.A_song)},
  key = {},
}

@inproceedings{thinkaboutthefuture,
  author = {Shaun Ryder},
  title  = {Wrote for Luck},
  booktitle = {{W.F.L.} {Think} {About} the {Future} {Mix}},
  year ={1988},
  editor= {Martin Hannett},
  organization = {Happy Mondays},
  url = {https://en.wikipedia.org/wiki/Bummed},
  publisher = {Factory Records},
  key = {},
}

@inproceedings{hendrix,
  author = {Jimi Hendrix},
  title  = {Are You Experienced?},
  booktitle = {Are You Experienced?},
  year ={1967},
  organization = {The Jimi Hendrix Experience},
  editor = {Chas Chandler},
  url = {https://en.wikipedia.org/wiki/Are_You_Experienced},
  publisher = {Track Records},
  key = {},
}

@inproceedings{yourenotalone,
  author = {Tim Kellett and Robin Taylor-Firth and Ruth-Ann Boyle},
  title  = {You're not alone},
  booktitle = {Extra virgin},
  year ={1997},
  organization = {Olive},
  editor = {Tim Kellett and Robin Taylor-Firth},
  url = {https://en.wikipedia.org/wiki/You're_Not_Alone_(Olive_song)},
  note = {https://youtu.be/s4oZdUV-G-Y},
  publisher = {RCA Records},
  key = {},
}

@inproceedings{fightthepower,
  author = {Carlton Ridenhour and Eric Sadler and Hank Boxley and Keith Boxley},
  title  = {Fight the Power},
  booktitle = {Do the Right Thing},
  year ={1989},
  organization = {Public Enemy},
  editor = {Spike Lee},
  url = {https://en.wikipedia.org/wiki/Fight_the_Power_(Public_Enemy_song)},
  publisher = {The Bomb Squad},
  key = {},
}

@inproceedings{dontbelievethehype,
  author = {Carlton Ridenhour and Hank Shocklee and Eric Sadler and William Drayton},
  title  = {Don't Believe the Hype},
  booktitle = {It Takes a Nation of Millions to Hold Us Back},
  year ={1988},
  editor= {The Bomb Squad},
  organization = {Public Enemy},
  url = {https://en.wikipedia.org/wiki/Don't_Believe_the_Hype},
  note = {https://youtu.be/9vQaVIoEjOM},
  publisher = {Def Jam},
  key = {},
}


@inproceedings{saltnpepa,
  year = {1988},
  publisher = {London Records},
  author = {O'Kelly Isley and Ronald Isley and Rudolph Isley},
  url = {https://en.wikipedia.org/wiki/Shake_Your_Thang},
  organization = {Salt-N-Pepa},
  booktitle = {A Salt with a Deadly Pepa},
  title = {Shake Your Thang},
}

@inproceedings{faces,
year = {1973},
booktitle = {Ooh La La},
publisher = {Warner Bros.},
author = {Ronnie Lane and Ronnie Wood},
url = {https://en.wikipedia.org/wiki/Ooh_La_La_(Faces_song)},
title = {Ooh La La},
organization = {The Faces},
}

@inproceedings{hitthenorth,
year = {1987},
publisher = {Beggars Banquet},
booktitle = {The Frenz Experiment},
author = {Mark E. Smith and Brix Smith and Simon Rogers},
url = {https://en.wikipedia.org/wiki/Hit_the_North},
title = {Hit the North},
organization = {The Fall},
}

@article{imitationgame,
  author = {Morten Tyldum},
  title  = {The Imitation Game},
  year ={2014},
  publisher = {The Weinstein Company},
  url = {https://en.wikipedia.org/wiki/The_Imitation_Game},
}

@inproceedings{good4u,
  author = {Olivia Rodrigo and Dan Nigro and Hayley Williams and Josh Farro},
  title  = {good4u},
  booktitle = {Sour},
  year ={2021},
  editor= {Dan Nigro},
  organization = {Olivia Rodrigo},
  url = {https://en.wikipedia.org/wiki/Good_4_U},
  publisher = {Geffen Records},
  key = {},
}

@inproceedings{badguy,
  author = {Billie Eilish and Finneas O'Connell},
  title  = {Bad Guy},
  booktitle = {When We All Fall Asleep, Where Do We Go?},
  year ={2019},
  editor= {Finneas O'Connell},
  organization = {Billie Eilish},
  url = {https://en.wikipedia.org/wiki/Bad_Guy_(Billie_Eilish_song)},
  note = {https://www.youtube.com/watch?v=DyDfgMOUjCI},
  publisher = {Interscope Records},
  key = {},
}

@inproceedings{cantstopthefeeling,
  author = {Justin Timberlake and Max Martin and Shellback},
  title  = {Can't Stop the Feeling!},
  booktitle = {Trolls: Original Motion Picture Soundtrack},
  year ={2016},
  editor= {Justin Timberlake and Max Martin and Shellback},
  organization = {Justin Timberlake},
  url = {https://en.wikipedia.org/wiki/Can%27t_Stop_the_Feeling!},
  note = {https://www.youtube.com/watch?v=ru0K8uYEZWw},
  publisher = {Interscope Records},
  key = {},
}
