% Encoding: UTF-8


  @article{Hazzan2020,
  doi = {10.1145/3409780},
  year = {2020},
  month = aug,
  publisher = {Association for Computing Machinery ({ACM})},
  volume = {63},
  number = {9},
  pages = {12--13},
  author = {Orit Hazzan},
  title = {Teaching {CS} undergrads online to work with others effectively},
  journal = {Communications of the {ACM}}
}


  @inproceedings{moocvideo,
  doi = {10.1145/2556325.2566239},
  year = {2014},
  publisher = {Association for Computing Machinery},
  author = {Philip J. Guo and Juho Kim and Rob Rubin},
  title = {How video production affects student engagement: an empirical study of MOOC videos},
  booktitle = {Proceedings of the first {ACM} conference on Learning @ scale conference - L@S {\textquotesingle}14}
}



  @inproceedings{passeffect,
  doi = {10.1145/3372356.3372371},
  year = {2020},
  url = {http://clok.uclan.ac.uk/31332/},
  publisher = {Association for Computing Machinery},
  author = {Lesley May and Nicky Danino},
  title = {The {PASS} Effect: How Peer Assisted Study Sessions Contribute to a Computing Community},
  booktitle = {Proceedings of the 4th Conference on Computing Education Practice 2020}
}


@inproceedings{git,
  doi = {10.1145/3372356.3372364},
  year = {2020},
  publisher = {Association for Computing Machinery},
  author = {Sukru Eraslan and Julio C{\'{e}}sar Cort{\'{e}}s R{\'{\i}}os and Kamilla Kopec-Harding and Suzanne M. Embury and Caroline Jay and Christopher Page and Robert Haines},
  title = {Errors and Poor Practices of Software Engineering Students in Using Git},
  booktitle = {Proceedings of the 4th Conference on Computing Education Practice 2020},
  url = {http://www.chrisparnin.me/pdf/stress_FSE_20.pdf},
}


@article{subarctic,
  doi = {10.1111/j.1469-8137.1995.tb03089.x},
  year = {1995},
  publisher = {Wiley},
  volume = {131},
  number = {4},
  pages = {533--541},
  author = {Jacqueline A. Potter and Malcolm C. Press and Terry V. Callaghan and John A. Lee},
  title = {Growth responses of {Polytrichum commune} and {Hylocomium splendens} to simulated environmental change in the sub-arctic},
  journal = {New Phytologist}
}



  @article{coderdojo,
  year = {2016},
  publisher = {Inside Higher Ed},
  author = {Mark Ward},
  title = {CoderDojo and Libraries: Why Your Library Should Get Involved and How to Start Your Own},
  publisher = {Library Association of Ireland},
  journal = {An Leabharlann : The Irish Library},
  volume = {25},
  issue = {2},
  url = {http://hdl.handle.net/2262/79709},
}

  @misc{turunner,
  year = {1999},
  month = {September},
  publisher = {Runner's World},
  author = {P Butcher},
  url = {https://mathshistory.st-andrews.ac.uk/Extras/Turing_running/},
  title = {Road breaker: Turing as a runner},
}

@article{turunning,
year = {2019},
publisher = {Inside Higher Ed},
author = {Robert Sedgwick},
url = {https://www.insidehighered.com/views/2019/10/28/why-every-student-should-study-computer-science-opinion},
title = {Why every student should study computer science: Should Computer Science Be Required?},
}

@inproceedings{sigcse50,
  author = {Elizabeth K. Hawthorne and Manuel A. Pérez-Quiñones and Sarah Heckman and Jian Zhang},
  doi = {10.1145/3287324},
  year = {2019},
  publisher = {Association for Computing Machinery},
  location = {New York},
  title = {Proceedings of the 50th {ACM} Technical Symposium on Computer Science Education}
}


@Book{behindthemusic,
author = {Leon Harkleroad},
title = {The Math Behind the Music},
publisher = {Cambridge University Press},
year = {2006},
location = {Cambridge},
isbn = {0521009359},
pages = {158},
url = {https://en.wikipedia.org/wiki/Special:BookSources?isbn=978-0521009355}
}



  @article{Searls2009,
  doi = {10.1371/journal.pcbi.1000388},
  year = {2009},
  publisher = {Public Library of Science},
  volume = {5},
  number = {6},
  pages = {e1000388},
  author = {David B. Searls},
  title = {Ten Simple Rules for Choosing between Industry and Academia},
  journal = {{PLoS} Computational Biology}
}

@article{gradeinflation,
 year = {2019},
 journal = {{BBC News}},
 author = {Sean Coughlan},
 title = {'Grade inflation' means 80\% more top degree grades},
 url = {https://www.bbc.co.uk/news/education-48951653},
 }

 @article{lotsofgrads,
  year = {2019},
  journal = {{BBC News}},
  author = {Sean Coughlan},
  title = {The symbolic target of 50\% at university reached},
  url = {https://www.bbc.co.uk/news/education-49841620},
  }

  @article{Aicher2017,
  doi = {10.1371/journal.pcbi.1005606},
  year = {2017},
  publisher = {Public Library of Science},
  volume = {13},
  number = {8},
  pages = {e1005606},
  author = {Toby P. Aicher and D{\'{a}}niel L. Barab{\'{a}}si and Benjamin D. Harris and Ajay Nadig and Kaitlin L. Williams},
  editor = {Fran Lewitter},
  title = {Ten simple rules for getting the most out of a summer laboratory internship},
  journal = {{PLOS} Computational Biology}
}

  @article{Roberts2015,
    doi = {10.1371/journal.pcbi.1004084},
    year = {2015},
    publisher = {Public Library of Science},
    volume = {11},
    number = {4},
    pages = {e1004084},
    author = {Richard J. Roberts},
    editor = {Philip E. Bourne},
    title = {Ten Simple Rules to Win a Nobel Prize},
    journal = {{PLOS} Computational Biology}
  }




  @book{freeyourstory,
   Author = {Heather Box and Julian Mocine-McQueen},
   title = {How Your Story Sets You Free},
   publisher = {Chronicle Books},
   year = {2019},
   isbn = {1452177511},
   url = {https://en.wikipedia.org/wiki/Special:BookSources?isbn=9781452177519}
  }

  @inproceedings{GroeBlting2019,
  doi = {10.1145/3364510.3364527},
  year = {2019},
  publisher = {{ACM}},
  author = {Gregor Gro{\ss}e-B\"{o}lting and Yannick Schneider and Andreas M\"{u}hling},
  title = {It{\textquotesingle}s like computers speak a different language: Beginning Students' Conceptions of Computer Science},
  booktitle = {Proceedings of the 19th Koli Calling International Conference on Computing Education Research}
}


@inproceedings{Guo2014,
  doi = {10.1145/2556325.2566239},
  year = {2014},
  publisher = {{ACM} Press},
  author = {Philip J. Guo and Juho Kim and Rob Rubin},
  title = {How video production affects student engagement},
  booktitle = {Proceedings of the first {ACM} conference on Learning @ scale conference - L@S {\textquotesingle}14}
}


  @inproceedings{Hewner2013,
    doi = {10.1145/2493394.2493414},
    year = {2013},
    publisher = {{ACM} Press},
    author = {Michael Hewner},
    title = {Undergraduate conceptions of the field of computer science},
    booktitle = {Proceedings of the ninth annual international {ACM} conference on International computing education research - {ICER} {\textquotesingle}13}
  }



  @article{samfranklin,
  	Author = {Sam Franklin},
  	Publisher = {Otta Ltd},
  	Title = {Why do university careers services often underdeliver?},
  	Url = {https://medium.com/otta-blog/why-do-university-careers-services-often-underdeliver-7974bf0688ab},
  	Year = {2019}}

@book{murakami,
 Author = {Haruki Murakami},
 title = {What I Talk About When I Talk About Running},
 publisher = {Vintage},
 year = {2008},
 isbn = {0307269191},
 url = {https://en.wikipedia.org/wiki/What_I_Talk_About_When_I_Talk_About_Running}
}


@book{foolish,
 Author = {Meryl Streep and Seamus Heaney and Toni Morrison and Arnold Schwarzenegger and Lin-Manuel Miranda and Michelle Obama and Rik Mayall and Tim Minchin and Nora Ephron and Salman Rushdie and Joanne Liu and Barack Obama and Ian McEwan and Gloria Steinem and Neil Gaiman},
 title = {Stay Hungry, Stay Foolish: Advice for the Rest of Your Life - Classic Graduation Speeches},
 publisher = {WH Allen},
 year = {2019},
 isbn = {0753553503},
 url = {https://en.wikipedia.org/wiki/Special:BookSources?isbn=9780753553503}
}


@book{CERhandbook,
  doi = {10.1017/9781108654555},
  year = {2019},
  publisher = {Cambridge University Press},
  editor = {Sally Fincher and Anthony V. Robins},
	Url = {https://doi.org/10.1017/9781108654555},
	ISBN = {9781108654555},
  title = {The Cambridge Handbook of Computing Education Research}
}

@article{Littlejohn2019,
	  doi = {10.1080/10494820.2019.1625557},
	  year = {2019},
	  month = jul,
	  publisher = {Informa {UK} Limited},
	  pages = {1--14},
	  author = {Allison Littlejohn and Nina Hood and Martin Rehm and Lou McGill and Bart Rienties and Melissa Highton},
	  title = {Learning to become an online editor: the editathon as a learning environment},
	  journal = {Interactive Learning Environments}
	}
  @book{feynman,
   Author = {Richard P. Feynman},
   title = {Surely You're Joking, Mr. Feynman: Adventures of a Curious Character},
   publisher = {W. W. Norton},
   year = {1985},
   isbn = {0393019217},
   url = {https://en.wikipedia.org/wiki/Surely_You're_Joking,_Mr._Feynman!}}

@article{langpop,
	Author = {Stephen Cass},
	Journal = {IEEE Spectrum},
	Publisher = {Institute of Electrical and Electronics Engineers},
	Title = {The Top Programming Languages 2019: Python remains the big kahuna, but specialist languages hold their own},
	Url = {https://spectrum.ieee.org/computing/software/the-top-programming-languages-2019},
	Year = {2019}}

@article{rhard2learn,
	Author = {Robert A. Muenchen},
	Publisher = {r4stats.com},
	Title = {Why R is Hard to Learn},
	Url = {http://r4stats.com/articles/why-r-is-hard-to-learn/},
	Year = {2014}}

@article{Rpopularity,
	Author = {Robert A. Muenchen},
	Publisher = {r4stats.com},
	Title = {The Popularity of Data Science Software},
	Url = {http://r4stats.com/articles/popularity/},
	Year = {2012}}

@article{rbloggers,
	Author = {Anon},
	Publisher = {r-bloggers.com},
	Title = {R-bloggers: R news and tutorials contributed by hundreds of R bloggers},
	Url = {https://www.r-bloggers.com},
	Year = {2019}}

@article{Cass2019,
	Author = {Stephen Cass},
	Journal = {IEEE Spectrum},
	Publisher = {Institute of Electrical and Electronics Engineers},
	Title = {The Top Programming Languages 2019: Python remains the big kahuna, but specialist languages hold their own},
	Url = {https://spectrum.ieee.org/computing/software/the-top-programming-languages-2019},
	Year = {2019}}

@article{firstclass,
	Author = {Amy Borrett},
	Journal = {Financial Times},
	Title = {Is a first class degree really that important? Many graduate recruiters are weighing up other skills alongside academic achievement},
	Url = {https://www.ft.com/content/8a2ee9b4-bd0f-11e9-b350-db00d509634e},
	Year = {2019}}

@article{taverna,
	Author = {Duncan Hull and Katherine Wolstencroft and Robert D. Stevens and Carole A. Goble and Matthew R. Pocock and Peter Li and Tom Oinn},
	Doi = {10.1093/nar/gkl320},
	Journal = {Nucleic Acids Research},
	Number = {Web Server},
	Pages = {W729--W732},
	Publisher = {Oxford University Press},
	Title = {Taverna: a tool for building and running workflows of services},
	Volume = {34},
	Year = {2006}}

@misc{winningpersonality,
	Author = {Robert de Vries and Jason Rentfrow},
	Publisher = {The Sutton Trust},
	Title = {A Winning Personality: The effects of background on personality and earnings},
	Url = {https://www.suttontrust.com/wp-content/uploads/2016/01/Winning-Personality-FINAL.pdf},
	Year = {2016}}

@article{nevergoodatmaths,
	Author = {Andrew Stacey},
	Publisher = {mathoverflow.net},
	Title = {How to respond to ``I was never much good at maths at school''},
	Url = {https://mathoverflow.net/questions/5353/how-to-respond-to-i-was-never-much-good-at-maths-at-school},
	Year = {2009},
	}

@article{mathillit,
	Author = {Richard Garner},
	Location = {London},
	Publisher = {The Independent},
	Title = {Almost 50 per cent of adults can't do basic maths (that means half)},
	Url = {https://www.independent.co.uk/news/education/education-news/almost-50-per-cent-of-adults-cant-do-basic-maths-that-means-half-7469119.html},
	Year = {2012},
	}

@article{gowersproblem,
	Author = {Tim Gowers},
	Location = {London},
	Publisher = {The Guardian},
	Title = {Maths isn't the problem - the way it's taught is},
	Url = {https://www.theguardian.com/commentisfree/2016/mar/11/maths-isnt-problem-curriculum-lacking-imagination},
	Year = {2016},
	}

@article{sissaybelong,
	Author = {Lemn Sissay},
	Location = {Manchester},
	Publisher = {thespace.org},
	Title = {Belong},
	Url = {https://www.youtube.com/watch?v=VoX1exnk-Eg},
	Year = {2017}}

@article{sissayopen,
	Author = {Lemn Sissay},
	Location = {Manchester},
	Publisher = {University of Manchester},
	Title = {Inspire and be Inspired},
	Url = {https://www.youtube.com/watch?v=WzZs1w3NWzg},
	Year = {2015}}

@article{debugyourcv,
	Author = {Duncan Hull},
	Location = {Manchester},
	Publisher = {github.com},
	Title = {Debugging your {CV}, Linkedin, job search etc},
	Url = {https://git.io/mycv},
	Year = {2020},
	}


    @inproceedings{debugyourfuture,
      author = {Duncan Hull},
      title  = {Debugging your future},
      booktitle = {Coding Your Future: A Guidebook for Students},
      year ={2021},
      organization = {University of Manchester},
      url = {https://www.cdyf.me/debugging.html},
      publisher = {github.com},
    }

  @inproceedings{readingtheirfuture,
    author = {Duncan Hull},
    title  = {Reviewing their future},
    booktitle = {Coding Your Future: A Guidebook for Students},
    year ={2021},
    organization = {University of Manchester},
    url = {https://www.cdyf.me/reviewing.html},
    publisher = {github.com},
  }

    author       = {Peter Eston},
    title        = {The title of the work},
    chapter      = 8,
    pages        = {201-213},
    publisher    = {The name of the publisher},
    year         = 1993,
    volume       = 4,
    series       = 5,
    address      = {The address of the publisher},
    edition      = 3,
    month        = 7,
    note         = {An optional note}


@book{JohnBiggs2011,
	Author = {Biggs, John and Tang, Catherine},
	Date = {2011-09-01},
	Ean = {9780335242757},
	Isbn = {0335242758},
	Publisher = {McGraw-Hill Education Ltd},
	Title = {Teaching for Quality Learning at University},
	Url = {https://en.wikipedia.org/wiki/Special:BookSources?isbn=9780335242757},
	Year = {2011}}

@article{druryvert,
	Author = {Emma Drury},
	Journal = {The Guardian},
	Location = {London},
	Title = {A guide to vertical teaching: Advice from experts and teachers who use vertical teaching in their schools},
	Url = {https://www.theguardian.com/teacher-network/teacher-blog/2013/jan/08/vertical-teaching-guide-early-exam-entry},
	Year = {2013},
	}

@book{Raymond1999,
	Author = {Eric S. Raymond},
	Isbn = {1-565-92724-9},
	Publisher = {O'Reilly Media},
	Title = {The Cathedral \& the Bazaar: Musings on Linux and Open Source by an Accidental Revolutionary},
	Url = {https://en.wikipedia.org/wiki/The_Cathedral_and_the_Bazaar},
	Year = {1999}}

@inproceedings{Fincher2019,
	Author = {Sally Fincher and Sebastian Dziallas and Daniel Knox},
	Booktitle = {Proceedings of the 1st {UK} {\&} Ireland Computing Education Research Conference on - {UKICER}},
	Doi = {10.1145/3351287.3351297},
	Publisher = {{ACM} Press},
	Title = {Space, Place and Practice in Computing Education},
	Year = {2019},
	}

@inproceedings{Barr2019,
	Author = {Matthew Barr and Jack Parkinson},
	Booktitle = {Proceedings of the 1st {UK} {\&} Ireland Computing Education Research Conference on - {UKICER}},
	Doi = {10.1145/3351287.3351292},
	Publisher = {{ACM} Press},
	Title = {Developing a Work-based Software Engineering Degree in Collaboration with Industry},
	Year = {2019},
	}

@inproceedings{Maguire2019,
	Author = {Joseph Maguire and Steve Draper and Quintin Cutts},
	Booktitle = {Proceedings of the 1st {UK} {\&} Ireland Computing Education Research Conference on - {UKICER}},
	Doi = {10.1145/3351287.3351295},
	Publisher = {{ACM} Press},
	Title = {What Do We Do When We Teach Software Engineering?},
	Year = {2019},
	}

@book{afterthereboot,
	Author = {Steve Furber},
	Isbn = {978-1-78252-297-3},
	Publisher = {Royal Society},
	Title = {After the reboot: computing education in {UK} schools},
	Url = {http://royalsociety.org/computing-education},
	Year = {2017}}

@book{shutdownrestart,
	Author = {Steve Furber},
	Publisher = {Royal Society},
	Title = {Shutdown or restart? The way forward for computing in {UK} schools},
	Url = {https://royalsociety.org/topics-policy/projects/computing-in-schools/report/},
	Year = {2012},
	}

@techreport{cambridgegcse,
	Author = {Swan, Christine and Beale, Clive and Avroutine, Ilia and Hodgson, Julie and Waller, David and Smith-Nunes, Genevieve and Kershaw, John and Saeed, Shahneila and Dixon, Laura and Surrall, Alistair and Pitt, Jason},
	Title = {Cambridge {GCSE} Computing {MOOC}},
	Url = {https://cambridgegcsecomputing.org},
	Year = {2013},
	}

@article{computinged,
	Author = {Duncan Hull},
	Publisher = {github.com},
	Title = {Getting started with computing education projects},
	Url = {http://git.io/computinged},
	Year = {2020},
	}

@article{what3words,
	Author = {Duncan Leatherdale},
	Location = {London},
	Publisher = {BBC News},
	Title = {What3words: The app that can save your life},
	Url = {https://www.bbc.co.uk/news/uk-england-49319760},
	Year = {2019},
	}

@book{vtbernard,
	Author = {Peter Barnard},
	Isbn = {9781907652035},
	Publisher = {Grosvenor House Publishing Limited},
	Title = {Vertical Tutoring: Notes on school management, learning relationships and school improvement},
	Url = {https://www.verticaltutoring.org},
	Year = {2010},
	}

@article{hafb,
	Author = {Tim Fogarty},
	Journal = {medium.com},
	Title = {Hackathons are for beginners},
	Url = {https://medium.com/tfogo/hackathons-are-for-beginners-77a9c9c0e000},
	Year = {2015},
	}

	@article{gatsby,
		Author = {John Holman},
		Publisher = {Gatsby Charitable Foundation},
		Title = {Good Career Guidance Benchmarks},
		Url = {https://www.goodcareerguidance.org.uk/the-benchmarks},
		Year = {2018}}

		@book{greatgatsby,
			Author = {John Holman},
			Publisher = {Gatsby Charitable Foundation},
			Title = {Good Career Guidance},
			Url = {https://www.gatsby.org.uk/uploads/education/reports/pdf/gatsby-sir-john-holman-good-career-guidance-2014.pdf},
			Year = {2014}}

@book{highfliers2019,
	Author = {Martin Birchall},
	Publisher = {High Fliers Research Limited},
	Title = {The Graduate Market in 2019: Annual review of graduate vacancies \& starting salaries at the {UK}'s leading employers},
	Url = {https://www.highfliers.co.uk/download/2019/graduate_market/GMReport19.pdf},
	Year = {2019}}

	@book{highfliers2020,
		Author = {Martin Birchall},
		Publisher = {High Fliers Research Limited},
		Title = {The Graduate Market in 2020: Annual review of graduate vacancies \& starting salaries at the {UK}'s leading employers},
		Url = {https://www.highfliers.co.uk/download/2020/graduate_market/GM20Report.pdf},
		Year = {2020}}

@book{Proffitt2018,
	Editor = {Merrilee Proffitt},
	Isbn = {9780838916322},
	Publisher = {American Library Association},
	Title = {Leveraging Wikipedia: Connecting Communities of Knowledge},
	Url = {https://en.wikipedia.org/wiki/Special:BookSources?isbn=9780838916322},
	Year = {2018}}

@inproceedings{troubled,
	Author = {Hull, Duncan},
	Booktitle = {First Wikipedia Science Conference, Wellcome Trust, London},
	Doi = {10.6084/m9.figshare.1535122},
	Publisher = {Figshare},
	Title = {Improving the troubled relationship between Scientists and Wikipedia},
	Url = {https://www.slideshare.net/dullhunk/improving-the-troubled-relationship-between-scientists-and-wikipedia},
	Year = {2015}}

@inproceedings{goodbadugly,
	Author = {Hull, Duncan},
	Booktitle = {Physiology Friday: The Physiological Society, Hodgkin Huxley House, London},
	Doi = {10.6084/m9.figshare.5525494},
	Publisher = {Figshare},
	Title = {Wikipedia at the Royal Society: The Good, the Bad and the Ugly},
	Url = {https://www.youtube.com/watch?v=LdjQyh1UJSU},
	Year = {2017}}

@book{goodfaith,
	Author = {Reagle Jr., Joseph Michael},
	Isbn = {978-0-262-01447-2},
	Publisher = {The MIT Press},
	Title = {Good Faith Collaboration: The Culture of Wikipedia},
	Url = {https://en.wikipedia.org/wiki/Good_Faith_Collaboration},
	Year = {2010}}

@article{Vrandecic2014,
	Author = {Denny Vrande{\v{c}}i{\'{c}} and Markus Kr{\"o}tzsch},
	Doi = {10.1145/2629489},
	Journal = {Communications of the {ACM}},
	Month = {sep},
	Number = {10},
	Pages = {78--85},
	Publisher = {Association for Computing Machinery ({ACM})},
	Title = {Wikidata: a free collaborative knowledgebase},
	Volume = {57},
	Year = {2014},
	}

@inproceedings{codeclub,
	Author = {Smith, Neil and Sutcliffe, Clare and Sandvik, Linda},
	Booktitle = {Proceedings of the 45th {ACM} technical symposium on Computer science education - {SIGCSE} {\textquotesingle}14},
	Doi = {10.1145/2538862.2538919},
	Publisher = {{ACM} Press},
	Title = {Code club: bringing programming to {UK} primary schools through scratch},
	Year = {2014},
	}

@article{Turki2019,
	Author = {Houcemeddine Turki and Thomas Shafee and Mohamed Ali Hadj Taieb and Mohamed Ben Aouicha and Denny Vrande{\v{c}}i{\'{c}} and Diptanshu Das and Helmi Hamdi},
	Doi = {10.1016/j.jbi.2019.103292},
	Journal = {Journal of Biomedical Informatics},
	Publisher = {Elsevier {BV}},
	Title = {Wikidata: A large-scale collaborative ontological medical database},
	Url = {https://www.ncbi.nlm.nih.gov/pubmed/31557529},
	Volume = {99},
	Year = {2019}}

@book{ducharme,
	Author = {DuCharme, Bob},
	Date = {2013-07-05},
	Ean = {9781449371432},
	Isbn = {1449371434},
	Publisher = {O'Reilly UK Ltd.},
	Title = {Learning {SPARQL}},
	Url = {http://www.learningsparql.com},
	Year = {2013},
	}

@article{times100,
	Author = {Birchall, Martin},
	Journal = {The Times Top 100 Graduate employers},
	Title = {Graduate jobs at the {UK}’s top employers grew by 6.2 percent in 2019, the largest annual rise for 5 years},
	Url = {https://www.highfliers.co.uk/download/2020/graduate_market/GM20Release.pdf},
	Year = {2020},
	}

@book{Birchall2019,
	Author = {Martin Birchall},
	Isbn = {9781916040106},
	Publisher = {High Fliers Publications Ltd},
	Title = {The Times Top 100 Graduate Employers 2019-2020},
	Url = {https://www.top100graduateemployers.com},
	Year = {2019},
	}

	@article{sevencern,
		Author = {Duncan Hull},
		publisher = {O'Really Media},
		Title = {Seven things to do at {CERN} if you're not a Physicist},
		Url = {https://duncan.hull.name/2020/01/27/cern/},
		Year = {2020}}



@article{myca,
	Author = {Simon Sharwood},
	Journal = {The Register},
	Title = {IBM asks remaining staff to take career advice from {HR}-bot},
	Url = {https://www.theregister.co.uk/2017/11/14/ibm_staff_referred_to_cognitive_career_advice_bot_myca/},
	Year = {2019}}

@article{gitmanc,
	Author = {Duncan Hull},
	Journal = {github},
	Title = {The Northern software house: tech employers in the North West \#{NotJustLondon}},
	Url = {https://git.io/manc},
	Year = {2020},
	}

	@book{lanier,
		Author = {Jaron Lanier},
		Isbn = {9781847925398},
		Publisher = {Bodley Head},
		Location = {London},
		Title = {Ten Arguments For Deleting Your Social Media Accounts Right Now},
		Url = {http://www.jaronlanier.com/tenarguments.html},
		Year = {2018},
		}

@book{r4ds,
	Author = {Wickham, Hadley and Grolemund, Garrett},
	Ean = {9781491910399},
	Isbn = {1491910399},
	Publisher = {O'Reilly UK Ltd.},
	Title = {R for Data Science},
	Url = {https://r4ds.had.co.nz},
	Year = {2017},
	}

@article{Resnick2009,
	Author = {Mitchel Resnick and Brian Silverman and Yasmin Kafai and John Maloney and Andr{\'{e}}s Monroy-Hern{\'{a}}ndez and Natalie Rusk and Evelyn Eastmond and Karen Brennan and Amon Millner and Eric Rosenbaum and Jay Silver},
	Doi = {10.1145/1592761.1592779},
	Journal = {Communications of the {ACM}},
	Month = {nov},
	Number = {11},
	Pages = {60},
	Publisher = {Association for Computing Machinery ({ACM})},
	Title = {Scratch: Programming for all},
	Url = {https://web.media.mit.edu/~mres/papers/Scratch-CACM-final.pdf},
	Volume = {52},
	Year = {2009},
	}

@book{test,
	Publisher = {test},
	Title = {testes},
	Year = {tests}}

@book{Kubica2012,
	Author = {Jeremy Kubica},
	Isbn = {978-1477550298},
	Publisher = {CreateSpace Independent Publishing Platform},
	Title = {Computational Fairy Tales},
	Url = {http://computationaltales.blogspot.com},
	Year = {2012},
	}

@article{Aaron2016,
	Author = {Samuel Aaron and Alan F. Blackwell and Pamela Burnard},
	Doi = {10.1386/jmte.9.1.75_1},
	Journal = {Journal of Music, Technology and Education},
	Month = {may},
	Number = {1},
	Pages = {75--94},
	Publisher = {Intellect},
	Title = {The development of Sonic Pi and its use in educational partnerships: Co-creating pedagogies for learning computer programming},
	Url = {https://www.repository.cam.ac.uk/handle/1810/263177},
	Volume = {9},
	Year = {2016}}

@article{babygrowsup,
	Author = {Linda Brackenbury},
	Journal = {BBC Manchester},
	Publisher = {BBC},
	Title = {Digital 60: An interview with Linda Brackenbury},
	Url = {https://bbc.in/2Eqyo1K},
	Year = {2005}}

@article{uas,
	Author = {Simon Singh},
	Title = {The Undergraduate Ambassador Scheme ({UAS})},
	Url = {https://uas.ac.uk},
	Year = {2005},
	}

@article{SnazzyRPi,
	Author = {Alex Bate},
	Publisher = {Raspberry Pi Foundation},
	Title = {Another snazzy Raspberry Pi wallpaper for your phone and computer},
	Url = {https://www.raspberrypi.org/blog/another-snazzy-raspberry-pi-wallpaper-for-your-phone-and-computer/},
	Year = {2019},
	}

@article{Briscoe,
	Author = {Gerard Briscoe and Catherine Mulligan},
	Publisher = {Creativeworks London},
	Title = {Digital Innovation: The Hackathon Phenomenon},
	Url = {http://qmro.qmul.ac.uk/xmlui/handle/123456789/11418},
	Year = {2014},
	}

@inproceedings{Sentance2017,
	Author = {Sue Sentance and Jane Waite and Steve Hodges and Emily MacLeod and Lucy Yeomans},
	Booktitle = {Proceedings of the 2017 {ACM} {SIGCSE} Technical Symposium on Computer Science Education - {SIGCSE} {\textquotesingle}17},
	Doi = {10.1145/3017680.3017749},
	Publisher = {{ACM} Press},
	Title = {Creating Cool Stuff: Pupils' Experience of the {BBC} micro:bit},
	Year = {2017},
	}

@book{Papert1980,
	Author = {Seymour Papert},
	Isbn = {0-465-04627-4},
	Publisher = {Basic Books},
	Title = {Mindstorms: children, computers, and powerful ideas},
	Url = {https://dl.acm.org/citation.cfm?id=1095592},
	Year = {1980}}

@book{raspberrypi,
	Author = {Gareth Halfacree},
	Ean = {978-1912047581},
	Edition = {4},
	Isbn = {1912047734},
	Publisher = {Raspberry Pi Press},
	Title = {The Official Raspberry Pi Beginner's Guide},
	Url = {https://magpi.raspberrypi.org/books/beginners-guide-4th-ed/pdf},
	Year = {2020},
	}

@book{cse,
	Ean = {9781350057111},
	Editor = {Sue Sentance and Erik Barendsen and Carsten Schulte},
	Isbn = {1350057118},
	Pagetotal = {264},
	Publisher = {Bloomsbury Academic},
	Title = {Computer Science Education: Perspectives on Teaching and Learning in School},
	Url = {https://en.wikipedia.org/wiki/Special:BookSources?isbn=9781350057111},
	Year = {2018}}

  @book{teachingcomputing,
  	Editor = {Carl Simmons and Claire Hawkins},
  	Isbn = {9781446282526},
  	Pagetotal = {299},
    Edition = {2},
  	Publisher = {SAGE},
  	Title = {Teaching Computing},
  	Url = {http://dx.doi.org/10.4135/9781473919785},
  	Year = {2015}}

@inbook{Bell2018,
	Author = {Bell, Tim and Vahrenhold, Jan},
	Booktitle = {Adventures Between Lower Bounds and Higher Altitudes: Essays Dedicated to Juraj Hromkovi{\v{c}} on the Occasion of His 60th Birthday},
	Doi = {10.1007/978-3-319-98355-4_29},
	Editor = {B{\"o}ckenhauer, Hans-Joachim and Komm, Dennis and Unger, Walter},
	Isbn = {978-3-319-98355-4},
	Pages = {497--521},
	Publisher = {Springer International Publishing},
	Title = {CS Unplugged---How Is It Used, and Does It Work?},
	Url = {https://doi.org/10.1007/978-3-319-98355-4_29},
	Year = {2018}}

@article{Cooper2005,
	Author = {Paul Cooper and Ray D'Inverno},
	Doi = {10.1007/s10857-005-0856-2},
	Journal = {Journal of Mathematics Teacher Education},
	Month = {aug},
	Number = {4},
	Pages = {329--342},
	Publisher = {Springer Science and Business Media {LLC}},
	Title = {The Future of the Discipline? Mathematics and the Undergraduate Ambassadors Scheme},
	Volume = {8},
	Year = {2005},
	}

@article{m2020,
	Author = {Nancy Rothwell},
	Publisher = {University of Manchester},
	Title = {Vision for the University of Manchester},
	Url = {https://www.manchester.ac.uk/discover/vision/},
	Year = {2011},
	}

@article{m20202,
	Author = {Nancy Rothwell},
	Publisher = {University of Manchester},
	Title = {Manchester 2020: The University of Manchester's Strategic Plan},
	Url = {http://documents.manchester.ac.uk/display.aspx?DocID=25548},
	Year = {2011}}

@article{COMP30030,
	Author = {Tim Morris},
	Publisher = {University of Manchester},
	Title = {COMP30030 Third Year Project Laboratory syllabus: Joint honours},
	Url = {https://studentnet.cs.manchester.ac.uk/ugt/COMP30030/syllabus/},
	Year = {2019},
	}

@article{COMP30040,
	Author = {Tim Morris},
	Publisher = {University of Manchester},
	Title = {COMP30040 Third Year Project Laboratory syllabus: Single honours},
	Url = {https://studentnet.cs.manchester.ac.uk/ugt/COMP30040/syllabus/},
	Year = {2019},
	}

@article{COMP10120,
	Author = {Ulrike Sattler},
	Publisher = {University of Manchester},
	Title = {COMP10120 First Year Team Project},
	Url = {https://studentnet.cs.manchester.ac.uk/ugt/COMP10120/syllabus/},
	Year = {2020},
	}

@article{COMP23311,
	Author = {Suzanne Embury},
	Publisher = {University of Manchester},
	Title = {COMP23311 Software Engineering 1},
	Url = {https://studentnet.cs.manchester.ac.uk/ugt/COMP23311/syllabus/},
	Year = {2020},
	}

@article{kills1,
	Author = {Ken Robinson},
	Publisher = {TED Conferences LLC},
	Title = {Do schools kill creativity?},
	Url = {https://www.ted.com/talks/ken_robinson_says_schools_kill_creativity},
	Year = {2006}}

@article{stephenson,
	Author = {Chris Stephenson},
	Publisher = {Google LLC},
	Title = {Pre-College Computer Science Education: A Survey of the Field},
	Url = {https://services.google.com/fh/files/misc/pre-college-computer-science-education-report.pdf},
	Year = {2018},
	}

@article{suemcr,
	Author = {Sue Sentance},
	Publisher = {Computing at School ({CAS})},
	Title = {Recent developments in computer science education research},
	Url = {https://community.computingatschool.org.uk/files/10058/original.pdf},
	Year = {2018},
	}

@article{kills2,
	Author = {Ken Robinson},
	Publisher = {TED Conferences LLC},
	Title = {Changing education paradigms},
	Url = {https://www.ted.com/talks/ken_robinson_changing_education_paradigms},
	Year = {2010}}

@book{arduino,
	Author = {Massimo Banzi and Michael Shiloh},
	Ean = {9781449363338},
	Isbn = {1449363334},
	Pagetotal = {262},
	Publisher = {O'Reilly Media, Inc, USA},
	Title = {Getting Started with Arduino},
	Url = {https://en.wikipedia.org/wiki/Special:BookSources?isbn=9781449363338},
	Year = {2015}}

@inproceedings{Warner2017,
	Author = {Jeremy Warner and Philip J. Guo},
	Booktitle = {Proceedings of the 2017 {ACM} Conference on International Computing Education Research - {ICER} {\textquotesingle}17},
	Doi = {10.1145/3105726.3106174},
	Publisher = {{ACM} Press},
	Title = {Hack.edu: Examining How College Hackathons Are Perceived By Student Attendees and Non-Attendees},
	Year = {2017},
	}

@article{Klassner2003,
	Author = {Frank Klassner and Scott D. Anderson},
	Doi = {10.1109/mra.2003.1213611},
	Journal = {{IEEE} Robotics {\&} Automation Magazine},
	Month = {jun},
	Number = {2},
	Pages = {12--18},
	Publisher = {Institute of Electrical and Electronics Engineers ({IEEE})},
	Title = {{LEGO} mindstorms: Not just for K-12 anymore},
	Volume = {10},
	Year = {2003},
	}

@book{fincherpetre,
	Editor = {Sally Fincher and Marian Petre},
	Isbn = {978-9026519697},
	Publisher = {Taylor \& Francis},
	Title = {Computer Science Education Research},
	Url = {https://en.wikipedia.org/wiki/Special:BookSources?isbn=9789026519697},
	Year = {2004}}

@book{Fry2014,
	Ean = {9780415709965},
	Editor = {Fry, Heather and Ketteridge, Steve and Marshall, Stephanie},
	Isbn = {0415709962},
	Pagetotal = {452},
	Publisher = {Taylor \& Francis Ltd},
	Title = {A Handbook for Teaching and Learning in Higher Education},
	Url = {https://en.wikipedia.org/wiki/Special:BookSources?isbn=9780415709965},
	Year = {2014}}

@article{finchergecco,
	Author = {Sally Fincher and Janet Finlay and Sebastian Davies},
	Location = {Kent},
	Publisher = {Council of Professors and Heads of Computing {CPHC}},
	Title = {Building a Graduate Employability Community in Computing: the {GECCO} Workshops},
	Url = {https://kar.kent.ac.uk/61539/},
	Year = {2017},
	}

@article{shadboltreview,
	Author = {Nigel Shadbolt},
	Publisher = {Department for Business, Innovation \& Skills and Higher Education Funding Council for England},
	Title = {An independent review of computer science degree accreditation and graduate employability},
	Url = {https://www.gov.uk/government/publications/computer-science-degree-accreditation-and-graduate-employability-shadbolt-review},
	Year = {2016},
	}

@book{fincherreview,
	Author = {Sally Fincher and Janet Finlay},
	Isbn = {97819026711949},
	Location = {Kent},
	Publisher = {Council of Professors and Heads of Computing {CPHC}},
	Title = {Computing Graduate Employability: Sharing Practice},
	Url = {https://kar.kent.ac.uk/53848/},
	Year = {2016},
	}

@article{gitio,
	Author = {Risk Olson},
	journal = {Github},
	Title = {Git.io: GitHub URL Shortener},
	Url = {https://github.blog/2011-11-10-git-io-github-url-shortener/},
	Year = {2011},
	}

@article{unemployed,
	Author = {Alex Anonymous},
	Publisher = {TARGET jobs},
	Title = {Why your Computer Science degree won't get you a job},
	Url = {https://targetjobs.co.uk/career-sectors/it-and-technology/323039-why-your-computer-science-degree-wont-get-you-an-it-job},
	Year = {2013},
	}

@article{Hodson2015,
	Author = {Richard Hodson},
	Doi = {10.1038/nature.2015.18313},
	Journal = {Nature},
	Month = {sep},
	Publisher = {Springer Science and Business Media {LLC}},
	Title = {Wikipedians reach out to academics},
	Year = {2015},
	}

@article{Oinn2006,
	Author = {Tom Oinn and Mark Greenwood and Matthew Addis and M. Nedim Alpdemir and Justin Ferris and Kevin Glover and Carole Goble and Antoon Goderis and Duncan Hull and Darren Marvin and Peter Li and Phillip Lord and Matthew R. Pocock and Martin Senger and Robert Stevens and Anil Wipat and Chris Wroe},
	Doi = {10.1002/cpe.993},
	Journal = {Concurrency and Computation: Practice and Experience},
	Number = {10},
	Pages = {1067--1100},
	Publisher = {Wiley},
	Title = {Taverna: lessons in creating a workflow environment for the life sciences},
	Volume = {18},
	Year = {2006},
	}

@article{Noorden2014,
	Author = {Richard Van Noorden},
	Doi = {10.1038/nature.2014.16269},
	Journal = {Nature},
	Month = {nov},
	Publisher = {Springer Science and Business Media {LLC}},
	Title = {Google Scholar pioneer on search engine's future: As the search engine approaches its 10th birthday, Nature speaks to the co-creator of Google Scholar},
	Year = {2014},
	}

@article{defrosting,
	Author = {Duncan Hull and Steve R. Pettifer and Douglas B. Kell},
	Doi = {10.1371/journal.pcbi.1000204},
	Editor = {Johanna McEntyre},
	Journal = {{PLOS} Computational Biology},
	Month = {oct},
	Number = {10},
	Pages = {e1000204},
	Publisher = {Public Library of Science},
	Title = {Defrosting the Digital Library: Bibliographic Tools for the Next Generation Web},
	Volume = {4},
	Year = {2008},
	}

@article{Thiele2013,
	Author = {Ines Thiele and Neil Swainston and Ronan M T Fleming and Andreas Hoppe and Swagatika Sahoo and Maike K Aurich and Hulda Haraldsdottir and Monica L Mo and Ottar Rolfsson and Miranda D Stobbe and Stefan G Thorleifsson and Rasmus Agren and Christian B{\"o}lling and Sergio Bordel and Arvind K Chavali and Paul Dobson and Warwick B Dunn and Lukas Endler and David Hala and Michael Hucka and Duncan Hull and Daniel Jameson and Neema Jamshidi and Jon J Jonsson and Nick Juty and Sarah Keating and Intawat Nookaew and Nicolas Le Nov{\`{e}}re and Naglis Malys and Alexander Mazein and Jason A Papin and Nathan D Price and Evgeni Selkov and Martin I Sigurdsson and Evangelos Simeonidis and Nikolaus Sonnenschein and Kieran Smallbone and Anatoly Sorokin and Johannes H G M van Beek and Dieter Weichart and Igor Goryanin and Jens Nielsen and Hans V Westerhoff and Douglas B Kell and Pedro Mendes and Bernhard {\O} Palsson},
	Doi = {10.1038/nbt.2488},
	Journal = {Nature Biotechnology},
	Month = {mar},
	Number = {5},
	Pages = {419--425},
	Publisher = {Springer Science and Business Media {LLC}},
	Title = {A community-driven global reconstruction of human metabolism},
	Volume = {31},
	Year = {2013},
	}

@article{turingcomplete,
	Author = {David Brailsford},
	Publisher = {Computerphile},
	Title = {Turing Complete: computerphile},
	Url = {https://www.youtube.com/watch?v=RPQD7-AOjMI},
	Year = {2005}}

@article{plusmaths,
	Author = {Jeff Rosenthal},
	Publisher = {Plus magazine at maths.org},
	Title = {The magical mathematics of music},
	Url = {https://plus.maths.org/content/magical-mathematics-music},
	Year = {2005},
	}

@book{musicnmaths,
	Ean = {9780199298938},
	Editor = {John Fauvel and Raymond Flood and Robin Wilson},
	Isbn = {0199298939},
	Pagetotal = {200},
	Publisher = {Oxford University Press},
	Title = {Music and Mathematics: From Pythagoras to Fractals},
	Url = {https://en.wikipedia.org/wiki/Special:BookSources?isbn=9780199298938},
	Year = {2006}}

@article{Turing1937,
	Author = {Alan M. Turing},
	Doi = {10.1112/plms/s2-42.1.230},
	Journal = {Proceedings of the London Mathematical Society},
	Number = {1},
	Pages = {230--265},
	Publisher = {Wiley},
	Title = {On Computable Numbers, with an Application to the Entscheidungsproblem},
	Volume = {s2-42},
	Year = {1937},
	}

@article{findingada2019,
	Author = {Sarah Mohammad-Qureshi and Duncan Hull},
	Journal = {Wiki Loves Scientists},
	Publisher = {wiki-loves-scientists.org.uk},
	Title = {Learn to edit Wikipedia: Thursday 17th October, University of Manchester},
	Url = {https://wiki-loves-scientists.org.uk/2019/10/09/ada},
	Year = {2019},
	}

@article{daddancing,
	Author = {OMG Facepalm},
	Journal = {The Daily Telegraph},
	Location = {London},
	Publisher = {telegraph.co.uk},
	Title = {Dad dancing, the number one way to embarrass children},
	Url = {https://www.telegraph.co.uk/men/relationships/fatherhood/11751243/Dad-dancing-the-number-one-way-to-embarrass-children.html},
	Year = {2015},
	}

@article{londonvstherest,
	Author = {Evan Davis},
	Journal = {BBC TWO},
	Location = {London},
	Publisher = {bbc.co.uk},
	Title = {Mind the Gap: London v the Rest},
	Url = {https://bbc.in/36KWP6i},
	Year = {2014},
	}

@article{hebdenbridge,
	Author = {Evan Davis},
	Journal = {BBC News},
	Location = {London},
	Publisher = {bbc.co.uk},
	Title = {The case for making Hebden Bridge the {UK}'s second city},
	Url = {https://www.bbc.co.uk/news/business-26472423},
	Year = {2014},
	}

	@article{leahy,
		Author = {Kirsty Young},
		Journal = {BBC},
		Location = {London},
		Publisher = {bbc.co.uk},
		Title = {Desert Island Discs: Sir Terry Leahy},
		Url = {https://www.bbc.co.uk/programmes/b01qdr2m},
		Year = {2013},
		}


@article{wideningparticipation,
	Author = {Clive Agnew},
	Location = {Manchester},
	Publisher = {University of Manchester},
	Title = {Widening Participation: Annual Report},
	Url = {http://documents.manchester.ac.uk/display.aspx?DocID=4294},
	Year = {2020}}

@article{manhattanchester,
	Author = {Mark Ovenden},
	Journal = {BBC Radio 4},
	Location = {London},
	Publisher = {bbc.co.uk},
	Title = {{Manhattan-chester}: Unprecedented residential building in Manchester is happening - very high up. Nine towers of over 25 storeys have appeared in the past three years, so what's fuelling the change?},
	Url = {https://www.bbc.co.uk/programmes/m000182g},
	Year = {2019},
	}

  @article{manctopia,
  	Author = {Nick Mattingly},
  	Journal = {BBC TWO},
  	Location = {London},
  	Publisher = {bbc.co.uk},
  	Title = {{Manctopia}: {Billion} {Pound} {Property} {Boom}},
  	Url = {https://www.bbc.co.uk/programmes/m000lwn5},
  	Year = {2020},
  	}

@article{manchattan,
	Author = {Oliver Wainwright},
	Journal = {The Guardian},
	Location = {London},
	Publisher = {theguardian.com},
	Title = {Welcome to Manc-hattan: how the city sold its soul for luxury skyscrapers},
	Url = {https://www.theguardian.com/artanddesign/2019/oct/21/welcome-to-manc-hattan-how-the-city-sold-its-soul-for-luxury-skyscrapers},
	Year = {2019},
	}

@inproceedings{Lingard2011,
	Author = {Robert Lingard and Shan Barkataki},
	Booktitle = {2011 Frontiers in Education Conference ({FIE})},
	Doi = {10.1109/fie.2011.6143000},
	Month = {oct},
	Publisher = {{IEEE}},
	Title = {Teaching teamwork in engineering and computer science},
	Year = {2011},
	}

@article{Denning1992,
	Author = {Peter J. Denning},
	Doi = {10.1145/138859.138870},
	Journal = {Communications of the {ACM}},
	Month = {dec},
	Number = {12},
	Pages = {82--97},
	Publisher = {Association for Computing Machinery ({ACM})},
	Title = {Educating a new engineer},
	Volume = {35},
	Year = {1992},
	}

@inproceedings{Moller2019,
	Author = {Faron Moller and Stewart Powell},
	Booktitle = {Proceedings of the 3rd Conference on Computing Education Practice - {CEP} {\textquotesingle}19},
	Doi = {10.1145/3294016.3294029},
	Publisher = {{ACM} Press},
	Title = {Teaching Computing via a School Placement},
	Year = {2019},
	}

@inproceedings{Davenport2019,
	Author = {James H. Davenport and Tom Crick and Alan Hayes and Rachid Hourizi},
	Booktitle = {Proceedings of the 3rd Conference on Computing Education Practice - {CEP} {\textquotesingle}19},
	Doi = {10.1145/3294016.3298736},
	Publisher = {{ACM} Press},
	Title = {The Institute of Coding},
	Year = {2019},
	}

@inproceedings{Dawson2000,
	Author = {Ray Dawson},
	Booktitle = {Proceedings of the 22nd international conference on Software engineering - {ICSE} {\textquotesingle}00},
	Doi = {10.1145/337180.337204},
	Publisher = {{ACM} Press},
	Title = {Twenty dirty tricks to train software engineers},
	Year = {2000},
	}

@article{Charlton2006,
	Author = {Bruce G. Charlton},
	Doi = {10.1016/j.mehy.2006.08.001},
	Journal = {Medical Hypotheses},
	Month = {jan},
	Number = {6},
	Pages = {1261--1265},
	Publisher = {Elsevier {BV}},
	Title = {Lectures are such an effective teaching method because they exploit evolved human psychology to improve learning},
	Volume = {67},
	Year = {2006},
	}

@article{breakintoelite,
	Author = {Amol Rajan},
	Location = {London},
	Publisher = {BBC TWO},
	Title = {How to Break into the Elite},
	Url = {https://www.bbc.co.uk/programmes/m000772n},
	Year = {2019},
	}

@article{cheated,
	Author = {Robert Sweeney},
	Publisher = {Facet LLC},
	Title = {I Cheated on My Microsoft Interview},
	Url = {https://www.facetdev.com/blog/posts/i-cheated-on-my-microsoft-interview/},
	Year = {2019},
	}

	@book{everydaysexism,
 Author = {Laura Bates},
 title = {Everyday Sexism: The Project that Inspired a Worldwide Movement},
 description = {Everyday Sexism: The Project that Inspired a Worldwide Movement (Book, 2016)},
 publisher = {A Thomas Dunne Book for St. Martin's Griffin},
 year = {2016},
 month = {apr},
 isbn = {1250100186},
 url = {https://everydaysexism.com}
}

	@article{turingway,
		Author = {Katie Cooksey},
		Location = {London},
		Publisher = {BBC News},
		Title = {Alan Turing: Manchester celebrates pardoned genius},
		Url = {https://www.bbc.co.uk/news/uk-england-manchester-25499447},
		Year = {2013},
		}

		@book{teachinghappiness,
 Author = {Ian Morris},
 title = {Teaching Happiness and Well-Being in Schools: Learning To Ride Elephants},
 publisher = {Bloomsbury Education},
 year = {2019},
 isbn = {1472917316},
 url = {https://en.wikipedia.org/wiki/Special:BookSources?isbn=1472917316}
}

@book{nicebutdim,
	Author = {Francis Green and David Kynaston},
	Ean = {9781526601261},
	Isbn = {1526601265},
	Pagetotal = {320},
	Publisher = {Bloomsbury Publishing},
	Title = {Engines of Privilege: Britain's Private School Problem},
	Url = {https://en.wikipedia.org/wiki/Engines_of_Privilege},
	Year = {2019}}

	@book{nottalking,
		Author = {Reni Eddo-Lodge},
		Isbn = {9781408870563},
		Publisher = {Bloomsbury Publishing},
		Title = {Why {I'm} No Longer Talking to White People About Race},
		Url = {https://en.wikipedia.org/wiki/Why_I'm_No_Longer_Talking_to_White_People_About_Race},
		Year = {2017}}

@book{classceiling,
	Author = {Sam Friedman and Daniel Laurison},
	Isbn = {978-1447336105},
	Publisher = {Policy Press},
	Title = {The Class Ceiling: Why it Pays to be Privileged},
	Url = {https://en.wikipedia.org/wiki/Special:BookSources?isbn=9781447336105},
	Year = {2020}}

@book{Padua2015,
	Author = {Padua, Sydney},
	Date = {2015-04-23},
	Ean = {9780307908278},
	Isbn = {0307908275},
	Pagetotal = {320},
	Publisher = {Random House USA Inc},
	Title = {The Thrilling Adventures Of Lovelace And Babbage},
	Url = {https://en.wikipedia.org/wiki/The_Thrilling_Adventures_of_Lovelace_and_Babbage},
	Year = {2015}}

@book{manturing,
	Author = {Jonathan Swinton},
	Isbn = {9780993178924},
	Publisher = {Infang Publishing},
	Title = {Alan Turing's Manchester},
	Url = {https://www.manturing.net},
	Year = {2019},
	}

@book{superior,
	Author = {Saini, Angela},
	Ean = {9780008293833},
	Isbn = {000829383X},
	Pagetotal = {342},
	Publisher = {Harper Collins},
	Title = {Superior: The Return of Race Science},
	Url = {https://en.wikipedia.org/wiki/Superior:_The_Return_of_Race_Science},
	Year = {2019}}

@book{inferior,
	Author = {Saini, Angela},
	Ean = {9780008172039},
	Isbn = {000817203X},
	Pagetotal = {288},
	Publisher = {Harper Collins},
	Title = {Inferior: How Science Got Women Wrong and the New Research That's Rewriting the Story},
	Url = {https://en.wikipedia.org/wiki/Inferior_(book)},
	Year = {2018}}

@inproceedings{nevertooold,
	Author = {Yvonne Rogers and Jeni Paay and Margot Brereton and Kate L. Vaisutis and Gary Marsden and Frank Vetere},
	Booktitle = {Proceedings of the 32nd annual {ACM} conference on Human factors in computing systems - {CHI} {\textquotesingle}14},
	Doi = {10.1145/2556288.2557184},
	Publisher = {{ACM} Press},
	Title = {Never too old: Engaging retired people inventing the future with MaKey MaKey},
	Year = {2014},
	}

@inproceedings{makeymakey,
	Author = {David Shaw},
	Booktitle = {Proceedings of the Sixth International Conference on Tangible, Embedded and Embodied Interaction - {TEI} {\textquotesingle}12},
	Doi = {10.1145/2148131.2148219},
	Publisher = {{ACM} Press},
	Title = {Makey Makey: Improvising tangible and nature-based user interfaces},
	Year = {2012},
	}

@article{aceyourcodinginterview,
	Author = {Emily Moore},
	Journal = {glassdoor.com},
	Publisher = {Glassdoor},
	Title = {What You Need to Know to Ace Your Technical Interview},
	Url = {https://www.glassdoor.com/blog/technical-interview-tips},
	Year = {2018},
	}

@article{prepare4codinginterview,
	Author = {Team Revature},
	Journal = {glassdoor.com},
	Publisher = {Glassdoor},
	Title = {How to Prepare For & Succeed In a Coding Interview},
	Url = {https://www.glassdoor.com/blog/how-to-prepare-coding-interview/},
	Year = {2018},
	}

@article{COMP61511,
	Author = {Bijan Parsia and Christos Kotselidis},
	Publisher = {University of Manchester},
	Title = {COMP30030: Software Engineering Concepts In Practice},
	Url = {http://syllabus.cs.manchester.ac.uk/pgt/COMP61511/},
	Year = {2019},
	}

@inproceedings{Plaza2018,
	Author = {Pedro Plaza and German Carro and Manuel Blazquez and Elio Sancristobal and Manuel Castro and Felix Garcia-Loro and Javier Munoz},
	Booktitle = {2018 {XIII} Technologies Applied to Electronics Teaching Conference ({TAEE})},
	Doi = {10.1109/taee.2018.8476054},
	Month = {jun},
	Publisher = {{IEEE}},
	Title = {Crumble as an educational tool to introduce robotics},
	Year = {2018},
	}

@article{Mandilaras2004,
	Author = {Alexandros Mandilaras},
	Doi = {10.1016/s1477-3880(15)30146-8},
	Journal = {International Review of Economics Education},
	Number = {1},
	Pages = {39--51},
	Publisher = {Elsevier {BV}},
	Title = {Industrial Placement and Degree Performance: Evidence from a British Higher Institution},
	Volume = {3},
	Year = {2004}}

@misc{DigitalScience2019,
	Author = {{Digital Science} and Fane, Briony and Ayris, Paul and Hahnel, Mark and Hrynaszkiewicz, Iain and Baynes, Grace and Farrell, Emily},
	Doi = {10.6084/M9.FIGSHARE.9980783},
	Isbn = {9781999317720},
	Publisher = {Springer Nature},
	Title = {The State of Open Data Report 2019},
	Year = {2019},
	}

@misc{conquerthecommandline,
	Author = {Richard Smedley},
	Publisher = {Raspberry Pi Press},
	Title = {Conquer the Command Line: The Raspberry Pi Terminal Guide},
	Url = {https://www.raspberrypi.org/magpi-issues/Essentials_Bash_v2.pdf},
	Year = {2019}}

@book{alanguagenotaletter,
	Author = {Alexander Demos},
	Publisher = {University of Illinois at Chicago},
	Title = {A Language, not a Letter: Learning Statistics in R},
	Url = {https://ademos.people.uic.edu},
	Year = {2019},
	}

@article{Wang2018,
	Author = {Zhiqi Wang and Ian Crawford},
	Doi = {10.1080/03075079.2018.1476482},
	Journal = {Studies in Higher Education},
	Month = {may},
	Number = {11},
	Pages = {1960--1974},
	Publisher = {Informa {UK} Limited},
	Title = {Who are gaining the highly paid elite placements in {UK} higher education?},
	Volume = {44},
	Year = {2018},
	}

@book{nicegirls,
	Author = {Frankel, Lois},
	Date = {2014-11-27},
	Ean = {9781455558896},
	Isbn = {1455558893},
	Pagetotal = {288},
	Publisher = {Hachette Book Group USA},
	Title = {Nice Girls Don't Get the Corner Office},
	Url = {https://en.wikipedia.org/wiki/Special:BookSources?isbn=9781455558896},
	Year = {2014}}



@article{socialmedia,
	Author = {Michelle O'Reilly and Nisha Dogra and Natasha Whiteman and Jason Hughes and Seyda Eruyar and Paul Reilly},
	Doi = {10.1177/1359104518775154},
	Journal = {Clinical Child Psychology and Psychiatry},
	Month = {may},
	Number = {4},
	Pages = {601--613},
	Publisher = {{SAGE} Publications},
	Title = {Is social media bad for mental health and wellbeing? Exploring the perspectives of adolescents},
	Volume = {23},
	Year = {2018},
	}

@article{everyone,
	Author = {Christopher Hitchens},
	journal = {Cable-Satellite Public Affairs Network (C-SPAN)},
	Title = {Everyone has a book inside them},
	Url = {https://www.youtube.com/watch?v=D6MPebmQSQ0},
	Year = {1997}}


@article{cvlinkedin,
	Author = {Service, Careers},
	Location = {Manchester},
	Publisher = {University of Manchester},
	Title = {CV and LinkedIn Guide},
	Url = {http://bit.ly/linkedin-cv-guide},
	Year = {2019}}


	@article{cheating,
		Author = {Robert Sweeney},
		Publisher = {Facet LLC},
		Title = {I Cheated on My Microsoft Interview},
		Url = {https://www.facetdev.com/blog/posts/i-cheated-on-my-microsoft-interview/},
		Year = {2019}}

@article{coveringletter,
	Author = {Service, Careers},
	Location = {Manchester},
	Publisher = {University of Manchester},
	Title = {Covering Letter Guide},
	Url = {http://bit.ly/covering-letter-guide},
	Year = {2019}}

@article{ft,
	Author = {Jonathan Black},
	Location = {London},
	Journal = {The Financial Times},
	Title = {Dear Jonathan: Careers Column},
	Url = {https://www.ft.com/jonathan-black},
	Year = {2021}}

@article{fiveregrets,
	Author = {Susie Steiner},
	Location = {London},
	Publisher = {The Guardian},
	Title = {Top five regrets of the dying},
	Url = {https://www.theguardian.com/lifeandstyle/2012/feb/01/top-five-regrets-of-the-dying},
	Year = {2012}}

@book{googler,
	Author = {Poundstone, William},
	Ean = {9781851689552},
	Isbn = {1851689559},
	Pagetotal = {304},
	Publisher = {Oneworld Publications},
	Title = {Are You Smart Enough to Work at Google?},
	Url = {https://en.wikipedia.org/wiki/Are_You_Smart_Enough_to_Work_at_Google},
	Year = {2013}}


@book{gchq,
	 Author = {GCHQ},
	 title = {The {GCHQ} Puzzle Book {II}},
	 publisher = {Michael Joseph},
	 year = {2018},
	 isbn = {0241365430},
	 url = {https://www.gchq.gov.uk/news/gchq-puzzle-book-ii-now-published-}
	}

	@book{ratemyplacement,
	 Author = {Ali Lindsay and Oliver Sidwell and Chris Wickson},
	 title = {Rate My Placement},
	 publisher = {Michael Joseph},
	 year = {2019},
	 url = {https://www.ratemyplacement.co.uk}
	}


	@misc{earlycareers,
		Author = {Jack Denton and Oliver Sidwell},
		Title = {The Early Careers Podcast},
		Url = {https://earlycareers.co},
		Year = {2019}}

@book{rocketscience,
	Author = {Jim Longuski},
	Doi = {10.2514/4.476556},
	Ean = {9781563476556},
	Isbn = {156347655X},
	Pagetotal = {86},
	Publisher = {American Institute of Aeronautics and Astronautics},
	Title = {Advice to Rocket Scientists: A Career Survival Guide for Scientists and Engineers},
	Year = {2004}}

@book{brucetulgan,
	Author = {Tulgan, Bruce},
	Date = {2015-09-04},
	Isbn = {1118725646},
	Pagetotal = {288},
	Publisher = {John Wiley \& Sons Inc},
	Title = {Bridging the Soft Skills Gap},
	Url = {https://en.wikipedia.org/wiki/Special:BookSources?isbn=9781118725641},
	Year = {2015}}

@book{johnsonmez,
	Author = {Sonmez, John Z.},
	Date = {2015-01-08},
	Ean = {9781617292392},
	Isbn = {1617292397},
	Pagetotal = {503},
	Publisher = {Manning Publications},
	Title = {Soft Skills: The software developer's life manual},
	Url = {https://en.wikipedia.org/wiki/Special:BookSources?9781617292392},
	Year = {2015}}

@article{softskillscrisis,
	Author = {Mary Clarke},
	Doi = {10.1108/shr-03-2016-0026},
	Journal = {Strategic {HR} Review},
	Month = {jun},
	Number = {3},
	Pages = {137--139},
	Publisher = {Emerald},
	Title = {Addressing the soft skills crisis},
	Volume = {15},
	Year = {2016}}

	@Book{whywesleep,
	  title     = {Why We Sleep: The New Science of Sleep and Dreams},
	  publisher = {Penguin Books},
	  year      = {2018},
	  author    = {Matthew  Walker},
	  isbn      = {0141983760},
	  ean       = {9780141983769},
	  url       = {https://en.wikipedia.org/wiki/Why_We_Sleep},
	}

	@article{tensimplewiki,
	  doi = {10.1371/journal.pcbi.1000941},
	  year = {2010},
	  month = sep,
	  publisher = {Public Library of Science},
	  volume = {6},
	  number = {9},
	  pages = {e1000941},
	  author = {Darren W. Logan and Massimo Sandal and Paul P. Gardner and Magnus Manske and Alex Bateman},
	  title = {Ten Simple Rules for Editing Wikipedia},
	  journal = {{PLOS} Computational Biology}
	}

	@book{scientistsmustwrite,
	 Author = {Robert Barrass},
	 title = {Scientists Must Write: A Guide to Better Writing for Scientists, Engineers and Students},
	 publisher = {Routledge},
	 year = {2002},
	 isbn = {0415269962},
	 url = {https://en.wikipedia.org/wiki/Special:BookSources?isbn=9780415269964}
	}

	@book{emotionaliq,
	 Author = {Daniel Goleman},
	 title = {Emotional Intelligence : Why It Can Matter More Than {IQ}},
	 publisher = {Bloomsbury Publishing},
	 year = {1996},
	 isbn = {0747528306},
	 url = {https://en.wikipedia.org/wiki/Special:BookSources?isbn=9780747528302}
	}

	@book{dalecarngie,
	 Author = {Dale Carnegie},
	 title = {How To Win Friends and Influence People},
	 description = {How To Win Friends and Influence People (Book, 2009)},
	 publisher = {Simon \& Schuster},
	 year = {2009},
	 isbn = {1439167346},
	 url = {https://en.wikipedia.org/wiki/How_to_Win_Friends_and_Influence_People}
	}

	@article{Kemp2019,
	  doi = {10.1145/3366016},
	  year = {2019},
	  month = nov,
	  publisher = {Association for Computing Machinery ({ACM})},
	  volume = {20},
	  number = {1},
	  pages = {1--28},
	  author = {Peter E. J. Kemp and Billy Wong and Miles G. Berry},
	  title = {Female Performance and Participation in Computer Science},
	  journal = {{ACM} Transactions on Computing Education}
	}

	@article{headhearthands,
	  doi = {10.1080/00405849709543751},
	  year = {1997},
	  month = mar,
	  publisher = {Informa {UK} Limited},
	  volume = {36},
	  number = {2},
	  pages = {87--94},
	  author = {Freda Easton},
	  title = {Educating the whole child,  {\textquotedblleft}head,  heart,  and hands{\textquotedblright}: Learning from the Waldorf experience},
	  journal = {Theory Into Practice}
	}

	@inbook{dijkstrahuman,
 author = {Edsger W. Dijkstra},
 chapter = {Programming Considered As a Human Activity},
 title = {Classics in Software Engineering},
 editor = {Yourdon, Edward Nash},
 year = {1979},
 isbn = {0917072146},
 pages = {1--9},
 numpages = {9},
 url = {http://dl.acm.org/citation.cfm?id=1241515.1241516},
 publisher = {Yourdon Press},
 address = {Upper Saddle River, NJ, USA},
}

article{humbleprogrammer,
 author = {Edsger W. Dijkstra},
 title = {The Humble Programmer},
 journal = {Communications of the  ACM},
 volume = {15},
 number = {10},
 month = oct,
 year = {1972},
 issn = {0001-0782},
 pages = {859--866},
 numpages = {8},
 doi = {10.1145/355604.361591},
 publisher = {Assocation for Computing Machinery},
 address = {New York, NY, USA},
}

@book{codecomplete,
 Author = {Steve McConnell},
 title = {Code Complete: A Practical Handbook of Software Construction},
 publisher = {Microsoft Press},
 year = {2004},
 edition = {2nd},
 isbn = {0735619670},
 url = {https://en.wikipedia.org/wiki/Code_Complete}
}

@book{realagile,
 author = {Peter Schuh},
 title = {Integrating Agile Development In The Real World},
 year = {2004},
 isbn = {9781584503644},
 Url = {https://en.wikipedia.org/wiki/Special:BookSources?isbn=9781584503644},
 edition = {1st},
 publisher = {Charles River Media, Inc.},
 address = {Rockland, MA, USA},
}


@book{strunk,
 Author = {William Strunk and Elwyn B. White},
 title = {The Elements of Style},
 publisher = {CreateSpace Independent Publishing Platform},
 year = {2014},
 month = {apr},
 isbn = {1499142234},
 url = {https://en.wikipedia.org/wiki/The_Elements_of_Style}
}

@book{zobel,
 Author = {Justin Zobel},
 title = {Writing for Computer Science},
 publisher = {Springer},
 year = {2015},
 edition = {3rd},
 isbn = {1447166388},
 Url = {https://en.wikipedia.org/wiki/Special:BookSources?isbn=97814471663882},
}

@article{prospects,
 author = {Prospects},
 title = {Prospects Student Career Guide},
 year = {2019},
 numpages = {192},
 url = {prospects.ac.uk},
 location = {Manchester},
}

@article{guardian300,
 author = {Target Jobs},
 title = {The {UK} 300 most popular graduate employers 2019/20},
 year = {2019},
 numpages = {416},
 publisher = {GTI Media Limited},
 URL = {https://targetjobs.co.uk/uk300},
 location = {Wallingford, Oxon},
}



@article{jobsofthefuture,
 author = {Simon Torkington},
 title = {The jobs of the future – and two skills you need to get them},
 year = {2016},
 publisher = {Word Economic Forum},
 URL = {https://www.weforum.org/agenda/2016/09/jobs-of-future-and-skills-you-need/},
 location = {Geneva},
}

@article{oilandgaskills,
 author = {Kevin Keane},
 title = {Oil and gas sector 'facing skills crisis'},
 year = {2019},
 publisher = {BBC News},
 URL = {https://www.bbc.co.uk/news/uk-scotland-scotland-business-46947628},
 location = {London},
}


@article{futureofjobs,
 author = {Klaus Schwab and Richard Samans},
 title = {The Future of Jobs: Employment, Skills and Workforce Strategy for the Fourth Industrial Revolution},
 year = {2016},
 publisher = {Word Economic Forum},
 URL = {http://www3.weforum.org/docs/WEF_Future_of_Jobs.pdf},
 location = {Geneva},
}

@article{mindthegap,
 author = {Anonymous Economist},
 title = {Mind the gap: A lack of skilled workers and managers drags the country down},
 year = {2015},
 publisher = {The Economist},
 URL = {https://www.economist.com/britain/2015/04/11/mind-the-gap},
 location = {London},
}

@article{socialunmobility,
  doi = {10.1108/aaaj-10-2012-1133},
  year = {2017},
  month = jun,
  publisher = {Emerald},
  volume = {30},
  number = {5},
  pages = {1082--1110},
  author = {Angus Duff},
  title = {Social mobility and Fair Access to the accountancy profession in the {UK}},
  journal = {Accounting,  Auditing {\&} Accountability Journal}
}


@incollection{4thastronaut,
  author      = {Kevin Fong},
  title       = {Episode 05 The fourth astronaut: the computer that got us to the moon},
  editor      = {Anna Doble},
  booktitle   = {13 minutes to the moon},
  publisher   = {{BBC}},
	url = {www.bbcworldservice.com/13minutes},
  location     = {London},
  year        = {2019},
}

@book{danpink,
 Author = {Daniel H. Pink},
 title = {Drive: The Surprising Truth About What Motivates Us},
 publisher = {Riverhead Books},
 year = {2009},
 isbn = {9781594488849},
 url = {https://en.wikipedia.org/wiki/Drive:_The_Surprising_Truth_About_What_Motivates_Us}
}

@article{autonomy,
 Author = {Daniel H. Pink},
 title = {The puzzle of motivation},
 publisher = {TED Conferences LLC},
 year = {2009},
 url = {https://www.ted.com/talks/dan_pink_the_puzzle_of_motivation}
}

@article{employabilityskills,
 author = {Richard Lambert},
 title = {Future fit: Preparing graduates for the world of work},
 year = {2009},
 numpages = {58},
 publisher = {Confederation of British Industry and Universities UK},
 URL = {https://www.universitiesuk.ac.uk/policy-and-analysis/reports/Documents/2009/future-fit-preparing-graduates-for-the-world-of-work.PDF},
 location = {London},
}

@book{codersatwork,
 Author = {Peter Seibel},
 title = {Coders at Work: Reflections on the Craft of Programming},
 publisher = {Apress},
 year = {2009},
 isbn = {1430219483},
 url = {http://www.codersatwork.com}
}

@book{mythicalmanmonth,
 Author = {Frederick P. Brooks Jr.},
 title = {The Mythical Man-Month: Essays on Software Engineering},
 edition = {2nd},
 publisher = {Addison-Wesley Professional},
 year = {1995},
 isbn = {9780201835953},
 url = {https://en.wikipedia.org/wiki/The_Mythical_Man-Month}
}

@book{googleresume,
 Author = {Gayle Laakmann McDowell},
 title = {The Google Resume: How to Prepare for a Career and Land a Job at Apple, Microsoft, Google or Any Top Tech Company},
 publisher = {Wiley},
 year = {2011},
 isbn = {8126538058},
 url = {https://en.wikipedia.org/wiki/Special:BookSources?isbn=978-8126538058}
}

@book{polya,
 Author = {George Polya},
 title = {How to Solve It: A New Aspect of Mathematical Method},
 publisher = {Penguin Books, Limited (UK)},
 year = {1990},
 isbn = {9780140124996},
 url = {https://en.wikipedia.org/wiki/How_to_Solve_It}
}

@book{frankbott,
 Author = {Frank Bott},
 title = {Professional Issues in Information Technology},
 publisher = {British Computer Society},
 year = {2014},
 isbn = {1780171803},
 url = {https://www.bcs.org/upload/pdf/professional-issues-in-information-technology-2nd-edition-promo.pdf}
}

@book{failfast,
 Author = {Ryan Babineaux},
 title = {Fail Fast, Fail Often: How Losing Can Help You Win},
 publisher = {Tarcher},
 year = {2013},
 isbn = {0399166254},
 url = {https://en.wikipedia.org/wiki/Special:BookSources?isbn=9780399166259}
}


@book{henrypetroski,
 Author = {Henry Petroski},
 title = {To Engineer Is Human: The Role of Failure in Successful Design},
 publisher = {Vintage},
 year = {1992},
 isbn = {0679734163},
 url = {https://en.wikipedia.org/wiki/Special:BookSources?isbn=9780679734161}
}

@book{innovatorsdilemma,
 Author = {Clayton M. Christensen},
 title = {The Innovator's Dilemma: When New Technologies Cause Great Firms to Fail},
 publisher = {Harvard Business Review Press},
 year = {1997},
 isbn = {0875845851},
 url = {https://en.wikipedia.org/wiki/The_Innovator's_Dilemma}
}

@book{failgift,
 Author = {Jessica Lahey},
 title = {The Gift of Failure: How the Best Parents Learn to Let Go So Their Children Can Succeed},
 publisher = {Harper},
 year = {2016},
 isbn = {0062299255},
 url = {https://www.xarg.org/ref/a/0062299255/}
}

@article{FAIR,
  doi = {10.1038/sdata.2016.18},
  year = {2016},
  publisher = {Springer Science and Business Media {LLC}},
  volume = {3},
  number = {1},
  author = {Mark D. Wilkinson and Michel Dumontier and IJsbrand Jan Aalbersberg and Gabrielle Appleton and Myles Axton and Arie Baak and Niklas Blomberg and Jan-Willem Boiten and Luiz Bonino da Silva Santos and Philip E. Bourne and Jildau Bouwman and Anthony J. Brookes and Tim Clark and Merc{\`{e}} Crosas and Ingrid Dillo and Olivier Dumon and Scott Edmunds and Chris T. Evelo and Richard Finkers and Alejandra Gonzalez-Beltran and Alasdair J.G. Gray and Paul Groth and Carole Goble and Jeffrey S. Grethe and Jaap Heringa and Peter A.C 't Hoen and Rob Hooft and Tobias Kuhn and Ruben Kok and Joost Kok and Scott J. Lusher and Maryann E. Martone and Albert Mons and Abel L. Packer and Bengt Persson and Philippe Rocca-Serra and Marco Roos and Rene van Schaik and Susanna-Assunta Sansone and Erik Schultes and Thierry Sengstag and Ted Slater and George Strawn and Morris A. Swertz and Mark Thompson and Johan van der Lei and Erik van Mulligen and Jan Velterop and Andra Waagmeester and Peter Wittenburg and Katherine Wolstencroft and Jun Zhao and Barend Mons},
  title = {The {FAIR} Guiding Principles for scientific data management and stewardship},
  journal = {Scientific Data}
}

@book{humantouch,
 Author = {Debra Paul, James Cadle and Philippa Thomas},
 title = {The Human Touch: Personal skills for Professional Success},
 publisher = {British Computer Society},
 year = {2012},
 isbn = {1906124914},
 url = {https://www.bcs.org/upload/pdf/the-human-touch.pdf}
}

@article{Bourne2005,
  doi = {10.1371/journal.pcbi.0010057},
  year = {2005},
  publisher = {Public Library of Science},
  volume = {1},
  number = {5},
  pages = {e57},
  author = {Philip E. Bourne},
  title = {Ten Simple Rules for Getting Published},
  journal = {PLOS Computational Biology}
}

@article{haigreview,
	Author = {Anna Moore},
	Publisher = {The Guardian},
  Location = {London},
	Url = {https://www.theguardian.com/lifeandstyle/2018/nov/17/matt-haig-i-wanted-to-end-it-all-surviving-and-thriving-is-the-lesson-i-pass-on},
	Title = {Matt Haig: I wanted to end it all, but surviving and thriving is the lesson I pass on},
	Year = {2018}}

@article{digitalskillscrisis,
  	Author = {House of Commons Science and Technology Committee},
  	Publisher = {parliament.uk},
    Location = {London},
  	Url = {https://publications.parliament.uk/pa/cm201617/cmselect/cmsctech/270/270.pdf},
  	Title = {Digital skills crisis},
  	Year = {2017}}

@misc{damore,
	  	Author = {James Damore},
	  	Url = {https://en.wikipedia.org/wiki/Google's_Ideological_Echo_Chamber},
	  	Title = {Google's Ideological Echo Chamber},
	  	Year = {2017}}


@book{warfortalent,
       Author = {Ed Michaels and Helen Handfield-Jones and Beth Axelrod},
       title = {The War for Talent},
       publisher = {Harvard Business Review Press},
       year = {2001},
       isbn = {9781578514595},
       url = {https://en.wikipedia.org/wiki/War_for_talent},
      }


@book{devopshandbook,
 Author = {Gene Kim and Jez Humble and Patrick Debois and John Willis},
 title = {The DevOps Handbook: How to Create World-Class Agility, Reliability, and Security in Technology Organizations},
 publisher = {IT Revolution Press},
 year = {2016},
 month = {oct},
 isbn = {1942788002},
 url = {https://en.wikipedia.org/wiki/Special:BookSources?isbn=9781942788003},
}

@book{harassment,
 Author = {Hanah Price},
 title = {What is sexual harassment at work? How to tell when lines are crossed in the workplace},
 publisher = {BBC},
 location = {London},
 year = {2019},
 url = {https://bbc.in/38JSge7},
}


@book{xie2017,
	Address = {Boca Raton, Florida},
	Author = {Yihui Xie},
	Isbn = {9781138700109},
	Publisher = {Chapman and Hall/CRC},
	Title = {bookdown: Authoring Books and Technical Documents with R Markdown},
	Url = {https://bookdown.org/yihui/bookdown/},
	Year = {2017}}


@book{xie2015,
	Address = {Boca Raton, Florida},
	Author = {Yihui Xie},
	Edition = {2},
	Isbn = {978-1498716963},
	Publisher = {Chapman and Hall/CRC},
	Title = {Dynamic Documents with {R} and knitr},
	Url = {http://yihui.name/knitr/},
	Year = {2015}}


  @book{xie2018,
  	Address = {Boca Raton, Florida},
  	Author = {Yihui Xie and J. J. Allaire and Garrett Grolemund},
  	Isbn = {978-1498716963},
  	Publisher = {Chapman and Hall/CRC},
  	Title = {R Markdown: The Definitive Guide},
  	Url = {https://bookdown.org/yihui/rmarkdown},
  	Year = {2018}}

    @book{xie2020,
    	Address = {Boca Raton, Florida},
    	Author = {Yihui Xie and Christophe Dervieux and Emily Riederer},
    	Publisher = {Chapman and Hall/CRC},
    	Title = {R Markdown Cookbook},
    	Url = {https://bookdown.org/yihui/rmarkdown-cookbook/},
    	Year = {2020}}

@Comment{jabref-meta: databaseType:bibtex;}
