@article{ukpsf,
  title = {The {UK} Professional Standards Framework for teaching and supporting learning in higher education},
  author = {Anon},
  publisher = {AdvanceHE},
  year = {2011},
  url = {https://www.advance-he.ac.uk/knowledge-hub/uk-professional-standards-framework-ukpsf},
}

@article{geography-elt,
	doi = {10.1080/00221340008978967},
	url = {https://doi.org/10.1080/00221340008978967},
	year = {2000},
	publisher = {Informa {UK} Limited},
	volume = {99},
	number = {5},
	pages = {185--195},
	author = {Mick Healey and Alan Jenkins},
	title = {Kolb's Experiential Learning Theory and Its Application in Geography in Higher Education},
	journal = {Journal of Geography}
}

@book{howyoulearn-elt,
  Author = {Kay Peterson and David A. Kolb},
  Isbn = {9781626568709},
  Pagetotal = {256},
  Publisher = {Berrett-Koehler Publishers},
  edition = {1st},
  Title = {How You Learn Is How You Live: Using Nine Ways of Learning to Transform Your Life},
  Url = {https://en.wikipedia.org/wiki/Special:BookSources?isbn=9781626568709},
  Year = {2017}}

@book{davidakolb-elt,
	Author = {David A. Kolb},
	Isbn = {9780132952613},
	Pagetotal = {256},
	Publisher = {Prentice Hall},
  edition = {2nd},
	Title = {Experiential Learning: Experience as the Source of Learning and Development},
	Url = {https://en.wikipedia.org/wiki/Special:BookSources?isbn=9780132952613},
	Year = {1983}}

@article{futurelearn-elt,
    	url = {https://www.futurelearn.com/info/blog/what-is-experiential-learning},
    	year = {2022},
    	publisher = {futurelearn.com},
    	author = {Anon},
    	title = {What is experiential learning and how does it work?},
    	journal = {Future Learn Blog}}


@article{alicekolb-elt,
      url = {https://experientiallearninginstitute.org/resources/what-is-experiential-learning/},
      year = {2020},
      publisher = {Experiential Learning Institute},
      author = {Alice Y. Kolb},
      title = {What is experiential learning and how does it work?},
      journal = {experientiallearninginstitute.org}}

@book{chickering-elt,
     url = {https://en.wikipedia.org/wiki/Special:BookSources?isbn=9780915390106},
     year = {1977},
     ISBN = {9780915390106},
     publisher = {Berrett-Koehler Publishers},
     author = {Arthur W. Chickering},
     title = {Experience and Learning. An Introduction to Experiential Learning},
     Pagetotal = {89}}

@article{strong-community,
    url = {https://www.london.gov.uk/talk-london/communities/what-makes-strong-community},
    year = {2021},
    publisher = {Mayor of London},
    author = {Sadiq Khan},
    title = {What makes a strong community?},
    journal = {London Assembly}}


@article{sigcsejournalclub,
    url = {https://sigcse.cs.manchester.ac.uk},
    year = {2022},
    publisher = {University of Manchester},
    author = {Duncan Hull},
    title = {ACM SIGCSE Journal Club: Better teaching and learning, one paper at a timeâ€¦},
    journal = {sigcse.cs.manchester.ac.uk}}
